2604 4458
414 301 502 408 Cup.
517 303 574 392 X.
605 241 668 388 De
687 275 956 428 Naturalismu.
1014 342 1017 392 :
1051 322 1143 406 116,

57 567 60 574 .
192 491 333 570 millum
348 494 633 591 exprobrassent,
657 494 1167 591 eiquerei·testimoniumde-'

191 591 334 676 dissent,
354 617 431 690 quae
445 589 1150 688 inperpetuamPupuliJudaiciignomi.

150 771 156 785 ,
192 691 285 766 niam
300 687 424 784 scripta
440 688 630 780 mansisset3
668 687 772 766 Unde
792 690 921 763 mirum
939 713 1012 766 non
1030 689 1095 775 est,
1123 689 1147 767 st

191 808 292 860 mure
316 789 480 862 omnium
505 787 737 884 profanorum
767 784 1147 883 Historiographurum

80 965 84 974 ,
188 887 342 958 maxima
369 882 495 959 Gentis
517 883 584 959 suae
611 885 690 956 vitia
713 897 819 980 atque
839 886 985 958 crimina
1006 881 1146 960 silentio

157 1029 160 1036 ‚
186 977 395 1060 transierint,
463 982 519 1056 rlb
540 981 645 1054 altera
669 1002 753 1054 vero
777 996 875 1077 parte
896 981 990 1076 apud
1014 977 1145 1056 Romu·
1211 969 1214 994 ⁸

7 1125 9 1160 2
184 1096 272 1150 num
291 1077 542 1167 imperatorem
557 1074 815 1181 ,Populumque
830 1072 1018 1151 difficulter
1034 1074 1143 1152 iidem

7 1221 9 1272 ;
104 1251 106 1258 ,
142 1255 143 1258 ¹
184 1169 414 1259 invenissent,
442 1171 562 1248 srbaec
579 1170 693 1248 Libris
716 1172 782 1247 suis
801 1171 1034 1256 inseruissent,
1062 1195 1151 1268 quae,

183 1266 387 1358 Gentilibus
406 1269 548 1348 stultitia
567 1292 607 1344 ac
625 1267 741 1344 sabula
760 1270 976 1344 videbantur.
1032 1269 1141 1346 Unde

159 1419 160 1424 ,
180 1387 223 1440 ea
240 1365 456 1450 omiserunt,
477 1389 564 1464 ¹quae
580 1365 769 1440 Auloritati
790 1389 830 1441 ac
847 1364 929 1442 fidei
945 1363 1139 1442 Librorum

179 1457 419 1556 suorumipsrs
433 1461 552 1538 obesse
574 1463 801 1548 videbantur,
829 1485 939 1558 eaque
955 1461 1138 1537 solumlir-
1230 1511 1233 1518 «

96 1569 130 1646 9
179 1559 261 1628 teris
275 1557 504 1642 mandabant,
531 1557 1138 1654 quaelpotilbma'Populisuiparte

178 1669 280 1726 erant
295 1669 457 1750 recepta,
482 1653 501 1730 b
514 1653 684 1731 Romanis
695 1678 781 1730 vero
796 1658 992 1754 approbata
1006 1658 1041 1730 &
1057 1677 1135 1754 cre-

175 1747 257 1824 dita.
311 1747 346 1825 Si
363 1775 448 1826 vero
463 1749 542 1827 salsa
560 1749 723 1828 dixissent
741 1750 808 1825 else
826 1754 967 1837 omnia,
992 1775 1069 1848 quae
1088 1751 1135 1828 de

173 1843 304 1922 Christi
326 1846 508 1924 llliraculis
527 1850 745 1930 constabant,
774 1851 903 1924 iterum
923 1848 1061 1935 sabulis,
1087 1871 1134 1924 ear

159 1958 296 2020 ,mente
318 1943 392 2029 sua,
421 1944 611 2022 Historiam
629 1941 873 2042 replevissent,
898 1946 933 2018 dr
949 1949 1036 2020 tanti
1053 1969 1132 2021 mo-
1185 2003 1187 2010 .

172 2043 284 2114 menti
307 2065 361 2136 res
377 2041 457 2137 ipsis
474 2041 540 2116 visa
554 2066 628 2118 non
647 2042 719 2126 est,
746 2054 785 2116 ut
804 2064 881 2116 earn
901 2041 1045 2137 Scriptis
1065 2043 1131 2118 suis

172 2135 383 2222 insererent,
410 2137 895 2232 dumllomanurum'parum
910 2137 1128 2224 interfuisset,

7 2315 8 2326 Ν
172 2253 261 2312 num
280 2234 400 2330 aliquo
420 2249 586 2333 tempure
603 2238 694 2310 inter
715 2231 858 2334 Judaeos
876 2233 1052 2330 Propheta
1067 2234 1130 2310 ali-
1172 2310 1195 2330 ‚⁴

7 2410 8 2426 Ν
96 2328 107 2412 ζ
169 2329 249 2500 θυῖε
268 2327 435 2414 haereseos
457 2330 634 2410 accusatus
656 2334 752 2408 cruci
766 2327 894 2422 affixus
914 2329 954 2406 fit
973 2353 1040 2406 nec
1059 2329 1130 2406 ne?

207 2427 277 2500 nde
296 2426 434 2504 silentio
453 2430 527 2506 baec
540 2427 713 2528 praeterire
731 2426 924 2518 eonsultius
937 2426 1127 2504 ducebant.

153 2519 235 2614 ¹Sed
255 2523 327 2598 boc
348 2524 632 2621 posthabendum
657 2549 731 2602 non
752 2526 821 2613 est,
848 2523 952 2624 quod
968 2523 1129 2621 Scripto-

165 2641 220 2692 res
240 2617 442 2696 Talmudici
468 2620 732 2698 Miruculorum
748 2626 931 2702 veritatem
952 2644 1026 2696 non
1047 2621 1138 2714 reji-¹

163 2698 285 2802 cialtr,
308 2714 374 2790 ‘sed
402 2715 527 2791 friuola
556 2731 696 2796 rantum
725 2717 863 2816 effugia
881 2721 1061 2818 quaerant,
1085 2731 1126 2793 ut

55 2845 64 2890 .·
162 2834 290 2902 eorum
318 2815 389 2888 rim
409 2812 599 2890 declinent
1131 2829 1132 2832 ‘

369 2995 372 3003 “
453 2954 511 3098 s.
539 3004 826 3088 ccccrxvu.

110 3171 114 3182 ⁸
235 3179 268 3242 γ.
300 3149 416 3246 Quod
440 3173 527 3232 vero
547 3149 690 3232 Etbuici
709 3149 907 3248 Scriptores
925 3151 1057 3228 nullam
1076 3151 1123 3230 de

120 3339 122 3344 ,
158 3242 256 3322 bisce
278 3247 460 3328 llliraculis
478 3253 702 3329 mentionem
720 3249 901 3341 injiciant,
926 3249 1054 3325 satlum
1072 3249 1122 3327 est

159 3345 288 3440 partim
309 3345 412 3432 ideo,
437 3347 536 3444 quod
554 3345 731 3444 Populum
749 3345 925 3431 iudaieum
946 3345 1121 3421 maximo·
1206 3384 1221 3426 ς

158 3462 246 3610 gere
264 3447 464 3521 contemtui
485 3442 683 3540 habebant,
714 3456 754 3518 ut
770 3464 809 3518 ea
827 3463 907 3540 que
922 3441 1013 3516 inter
1026 3440 1120 3538 tpsoa

184 3539 291 3614 ebant
313 3543 372 3614 vix
394 3539 464 3614 ulla
480 3544 679 3617 attentione
700 3537 808 3634 digna
829 3535 1049 3633 jndicarent,
1077 3539 1119 3612 it.

31 3623 36 3628 ’
155 3631 305 3730 lunaque
322 3634 500 3732 Populum
516 3636 785 3733 stupidissimum
800 3635 994 3720 habebant,
1023 3633 1118 3709 unde

152 3725 285 3884 l’ubtu',
311 3735 552 3885 credarJudum
565 3737 683 3907 ἓξὲξ
698 3760 760 3923 zon
773 3760 834 3832 ego
860 3732 927 3808 Sed
942 3751 1118 3900 praeffipstge
