2604 4458
192 327 298 422 1164
399 307 485 423 Cap,
497 301 556 400 X.
583 303 650 395 De
666 241 936 399 Naturalirmo.
1065 353 1068 362 ι

187 499 345 578 dentiam
358 499 669 578 demonstrationis
684 495 884 596 Religionis
901 495 1078 576 Revelatae
1091 501 1144 577 ef-

186 597 334 695 fugiant.
366 594 780 694 Affuorunthicaliquid,
808 595 1152 693 quodexperientiae

188 691 791 790 universaliplanecootrariumest3
817 707 877 768 aut
890 714 987 777 vero,
1008 691 1162 770 fiChri„

188 789 259 866 ssua
277 788 417 866 nunniti
436 790 550 866 homo
570 789 655 875 suit,
682 791 835 886 propriis
851 789 983 863 viribus
1001 787 1155 865 resurre-
1282 829 1283 838 κ

187 888 269 976 xit.
303 901 363 964 aut
386 886 539 964 aliorum
569 885 760 964 hominum
781 888 940 982 potentia
962 883 998 960 id
1019 885 1154 964 fadum
1282 903 1283 930 ¹

186 982 275 1071 fuit,
301 999 362 1060 aut
379 986 424 1060 ab
444 981 533 1062 Ente
576 979 1060 1058 uodanrcreatohominibus
1075 982 1156 1059 for·
1282 991 1283 1022 ¹

187 1082 281 1156 tiori.
332 1077 432 1158 Prius
449 1084 551 1177 impo
578 1078 662 1158 rbile
680 1077 749 1154 effe
768 1101 831 1175 per
848 1079 1011 1154 omnium
1031 1079 1157 1156 hunri-

186 1197 276 1251 trum
290 1179 546 1273 experientiam
561 1174 779 1252 concludere
793 1174 875 1250 licet
891 1227 901 1260 ,
931 1198 1039 1250 nemo
1050 1179 1160 1252 eninr

186 1270 333 1350 iliorum
354 1272 522 1350 hedenus
546 1286 699 1346 mortem
722 1270 791 1344 five
807 1271 932 1345 anime
953 1269 971 1346 i
993 1293 1163 1369 corpore·

184 1367 440 1468 separationem
462 1381 618 1445 avertere
644 1370 794 1463 potuit;
843 1390 953 1442 nerno
980 1373 1161 1445 morbum.

187 1467 422 1578 corporisque
432 1465 702 1561 corruptionem
717 1461 888 1539 cohibere
895 1487 907 1555 ;
928 1463 1062 1539 nedum
1073 1469 1151 1540 ani-

125 1631 135 1654 ,
185 1584 281 1638 marn
298 1563 437 1655 jamiam
454 1559 643 1657 separatam
656 1561 786 1636 iteruin
802 1581 886 1636 cum
903 1582 1057 1658 corpore
1068 1564 1152 1638 uni·
1282 1597 1283 1608 κ

184 1680 224 1732 re
238 1659 274 1732 &
293 1679 423 1756 corpus
437 1669 649 1754 corruptum
666 1657 860 1758 integritati
877 1657 1056 1733 restituere
1079 1681 1149 1754 po-
1282 1677 1283 1762 j

183 1753 263 1830 tuit
315 1751 391 1829 Tot
416 1768 568 1829 centena
597 1752 800 1830 militonum
822 1751 928 1827 millia
954 1752 1160 1831 hominum·
1282 1789 1283 1798 ¹

181 1850 252 1943 jum
280 1851 436 1939 mortui,
471 1847 674 1928 &nulium
700 1864 820 1927 tamen
841 1848 945 1944 hujus
972 1851 1023 1926 rei
1047 1865 1151 1930 extat
1282 1911 1283 1950 3

182 1947 403 2048 exemplum.

306 2129 309 2138 ’
398 2115 412 2158 r
521 2091 555 2184 §-
584 2089 794 2172 CCCCLX.

259 2209 370 2289 Unde
387 2210 537 2287 alioruin
552 2208 742 2284 hominum
764 2208 897 2283 viribus
918 2205 953 2282 id
972 2204 1045 2282 fieri
1064 2207 1151 2305 pos·

184 2302 227 2381 fit
242 2321 409 2406 oportet„
451 2305 521 2381 Sed
540 2303 772 2400 autripostoli
790 2297 854 2380 soii
869 2302 1162 2382 hanesciverunt,

183 2417 319 2488 artem,
339 2417 399 2478 aut
415 2401 473 2477 alii
486 2403 589 2478 etiam
604 2401 639 2474 id
653 2402 810 2497 prestare
824 2398 975 2498 potsunt.
1003 2400 1037 2476 Si
1049 2401 1150 2498 Apo·

183 2498 264 2572 stoli
283 2498 344 2572 ioli
368 2497 460 2572 hanc
484 2512 594 2573 artem
618 2494 874 2594 possederunt,
906 2496 1021 2592 aliqua
1040 2497 1152 2591 hujus

133 2657 136 2662 ,
211 2592 360 2692 ririiegii
379 2595 469 2670 ratio
489 2592 678 2668 indicanda
698 2595 767 2679 est,
792 2593 993 2690 &oportet
1014 2591 1088 2668 Viri
1109 2594 1152 2670 hi

181 2617 1150 2868 irrrrrnonrrrurrann

183 2887 329 2982 concipi
344 2886 492 2982 nequit,
520 2905 584 2957 cur
599 2809 782 2982 nimquam
797 2809 901 2975 hpupn
915 2883 997 2958 artis
1014 2885 1079 2957 i'uae
1090 2843 1150 2958 ar:

82 3057 83 3064 ,
178 2993 353 3080 gumenta
368 2982 403 3054 &
418 2981 635 3055 documenta
655 2979 840 3063 dederint,
866 2975 929 3052 nifi
950 2976 1148 3076 Prophetae

181 3079 220 3156 in
240 3075 397 3152 mediur'n
415 3076 595 3172 proferas,
621 3079 684 3174 qui
702 3099 779 3151 non
795 3077 969 3176 propria,
996 3074 1150 3153 sedDei

79 3263 80 3270 Ν
128 3193 141 3200 ”
178 3177 345 3357 &utentia
365 3173 406 3249 id
422 3172 665 3271 praestiterunt.
760 3203 763 3210 Δ
1049 3203 1053 3214 ·

369 3373 374 3386 .
507 3305 547 3405 s§.
576 3313 805 3404 CCCCLXI.
928 3377 931 3384 ⁴

205 3427 217 3441 “
257 3430 292 3507 Si
307 3433 326 3509 *a
343 3435 502 3532 potentia
515 3431 630 3532 aliqua
645 3431 798 3508 humana
813 3429 992 3524 superiore
1002 3429 1037 3504 id
1055 3447 1148 3528 praa.

183 3527 302 3606 stitum
320 3531 408 3615 fnit,
443 3534 479 3604 id
502 3531 632 3607 fadum
654 3530 702 3604 est
723 3544 783 3604 aut
798 3527 820 3608 ‘i
840 3528 1016 3624 spiritibus
1037 3526 1148 3608 finitis

96 3699 99 3708 ,
184 3629 312 3718 bonis,
338 3625 436 3700 aut'd
454 3626 718 3706 ,Cacodaemone
736 3623 905 3723 quodam.
958 3621 1057 3698 Prius
1075 3625 1147 3703 esse

177 3725 327 3820 nequit,
354 3720 512 3800 Christus
529 3725 626 3800 eninr
644 3723 755 3811 dixit,
780 3720 813 3798 se
830 3721 973 3828 propria
986 3719 1022 3804 dr
1033 3719 1146 3893 Perseia

829 3854 832 3859 ·
1103 3841 1141 3896 ut
