2576 4444
315 378 320 380 ·
376 320 563 466 7Ὀοιμῐῐλ
594 349 876 440 DeAiheismo.
1032 378 1109 463 701

142 540 569 640 Sinai-itaconcipienda,
589 539 840 619 utMoserte'm
870 544 1110 638 oreingruen·

147 647 196 720 tis
219 644 384 717 maximae
402 640 617 737 tempestatis
643 654 806 717 montem
832 566 932 728 issum
951 641 1115 716 ascende.

145 743 194 814 rit
214 793 225 825 ,
261 739 365 812 &ibi
384 739 642 812 commercium
661 757 744 812 cum
765 733 928 832 Jehovab
945 734 1113 822 finxerit,

174 857 225 909 uo
238 833 326 930 Legi
348 832 414 910 suae
435 834 665 911 autoritatem
686 831 909 924 conciliarem
933 855 978 906 ne
993 849 1114 908 autem

144 859 406 1008 graus-iliadem
434 945 572 1014 eretur,
599 927 726 1004 Mosen
739 930 901 1002 maximis
915 933 1115 1004 commina-

27 1057 35 1068 ·
146 1029 309 1106 tionibus
320 953 462 1101 raville,
490 1049 536 1100 ne
560 1028 747 1124 quisquam
768 1048 813 1100 ex
833 1023 975 1122 Populo
997 1024 1115 1101 secum

145 1123 375 1211 ascenderet,
407 1120 525 1199 addita
540 1119 603 1219 sup
633 1119 871 1218 liciicapitalis
892 1143 1025 1220 poena,
1053 1140 1118 1196 ex·

147 1234 260 1315 cepto
291 1217 459 1302 tibatone
477 1215 589 1294 Mosrr
607 1143 724 1294 graue
739 1240 780 1292 ac
802 1217 1006 1314 impostura
1027 1237 1118 1320 con.

145 1315 253 1392 sorte.
305 1313 435 1410 Neque
448 1311 665 1390 Miraculum
684 1313 804 1404 Arbeo
822 1314 986 1399 videtur,
1015 1311 1117 1409 quod

146 1411 232 1493 fons
245 1415 415 1505 aquatum
432 1435 478 1485 ex
494 1425 620 1513 monte
631 1409 752 1506 aliquo
772 1410 914 1512 petroso
935 1394 1118 1512 profluxe-

148 1511 222 1593 rit,
244 1531 328 1585 eum
339 1505 411 1581 huc
421 1509 554 1602 ubique
570 1505 729 1584 accidere
742 1507 933 1582 videamus.
985 1505 1117 1604 Neque

151 1602 417 1701 supernaturale
437 1603 631 1700 quidquam
654 1599 753 1677 fuisse
772 1601 988 1700 perhibent,
1015 1601 1119 1699 quod

150 1724 212 1775 ros
232 1723 277 1774 ex
295 1707 376 1786 utre
395 1694 562 1776 decidens
582 1698 744 1779 habuerit
768 1702 948 1792 materiam
970 1697 1115 1772 dulcem

149 1797 328 1893 aliquam,
362 1819 440 1894 que
465 1799 511 1870 ita
538 1796 722 1891 praeparari
742 1797 926 1891 potuerit,
970 1809 1010 1870 ut
1032 1797 1117 1870 cibo

148 1894 282 1974 idonea
298 1889 432 1976 suerit,
468 1892 555 1968 dum
578 1891 650 1968 hoc
676 1893 713 1964 in
741 1890 814 1974 aliis
834 1893 938 1968 etiam
958 1887 1119 1970 Orientis

149 1990 364 2085 regionibus
387 1985 462 2064 sieri
485 1986 603 2064 soleat.
638 2038 640 2048 ·
681 1985 858 2062 Caeterum
882 1985 1011 2061 Mosen
1033 1995 1122 2080 cum

146 2085 319 2164 tibatone
333 2087 471 2180 optime
485 2080 713 2179 conspirasse,
742 2083 865 2159 utialii
879 2070 1118 2180 etiamlmpm
1180 2169 1183 2179 ,

149 2198 285 2265 ratores
298 2203 382 2268 cum
398 2179 647 2262 Sacerdotibus
664 2177 913 2270 consenserint.

462 2373 534 2464 t
570 2335 770 2456 ccxnu
895 2419 898 2423 -
988 2393 999 2458 ;

227 2520 306 2613 Qui
331 2541 419 2595 uero
445 2518 489 2596 ad
517 2519 778 2599 Miraculorum
806 2505 965 2595 naturam
991 2519 1025 2594 dr
1053 2520 1122 2592 eir.

64 2682 67 2691 .
152 2618 383 2698 eumslantias
406 2619 583 2703 attendit,
624 2620 751 2711 ingens
773 2618 863 2692 inter
885 2613 1059 2691 Miracula
1074 2613 1120 2688 ’δι

146 2717 305 2794 aliorum
336 2711 599 2808 Legislatorunr
635 2711 805 2806 figmenta
835 2711 1019 2788 discrimen
1050 2707 1119 2784 esse
1162 2729 1164 2734 ’

149 2813 257 2910 facile
276 2808 533 2906 deprehendet,
556 2826 597 2884 ut
609 2809 726 2883 nullus
739 2810 796 2884 hic
808 2807 921 2884 fraudi
940 2807 1039 2882 locus
1051 2804 1119 2882 esse

148 2922 273 3008 queat.
325 2905 418 2982 Nam
431 2899 914 3001 primoomniasadla'suntin
936 2918 1119 2999 coetupu-
1159 2977 1160 2980 ,

147 3005 276 3088 blico,
301 3001 471 3100 presente
491 3001 756 3098 &inspectante
775 3019 857 3076 toto
876 2999 1040 3098 Populo}
1076 3001 1120 3070 in

149 3099 319 3199 AEgypto
348 3099 444 3173 enirn
475 3100 596 3173 omnia
621 3097 784 3192 prodigia
811 3093 1051 3172 ibideur‘saila
1072 3095 1122 3169 ira

147 3197 253 3275 fuere
270 3208 497 3292 comparata,
525 3209 654 3278 utnon
680 3191 820 3267 llebraei
843 3208 981 3267 tantum
1001 3214 1040 3286 ea
1060 3206 1120 3266 aut
1206 3238 1212 3254 ,

150 3294 317 3372 viderent
331 3303 392 3364 aut
405 3287 547 3376 scirent,
576 3289 632 3368 sed
651 3313 696 3363 err
710 3287 787 3384 ipsrs
812 3289 969 3368 hostibus
986 3289 1022 3360 in
1042 3289 1121 3360 uni-

148 3389 253 3468 verso
271 3383 421 3486 AEgypti
436 3385 568 3484 Regno
582 3409 691 3462 nemo
707 3385 796 3468 fuit,
820 3387 881 3483 qui
902 3408 940 3460 ea
956 3388 1121 3480 ignorare

149 3485 339 3588 potuerit.v
379 3481 422 3564 Ea
473 3505 524 3559 uae
540 3485 584 3558 'in
607 3481 745 3559 deserto
771 3481 870 3565 suere
897 3481 991 3577 gesta
1012 3481 1119 3559 etiam

148 3580 300 3670 conscio
323 3579 358 3654 δι
378 3506 547 3674 praesente
565 3585 706 3678 integro
733 3575 899 3680 populo,
927 3578 1116 3670 cujuenu-

149 3702 273 3758 merus
292 3676 337 3752 ad
356 3673 519 3760 sexcenta
549 3675 659 3753 millia
681 3671 859 3751 Virorum
876 3677 1049 3757 creverat,
1080 3685 1120 3770 ut

151 3777 276 3860 uullur
294 3771 340 3854 de
355 3771 503 3852 illorum
515 3773 661 3850 veritate
681 3769 869 3870 suspicioni
885 3768 1121 3862 locuesuper-

598 3865 722 3975 ΥΠ
959 3887 963 3894 ’
1051 3857 1121 3944 esse
