2576 4444
392 325 482 437 cap.
499 322 574 415 Vl.
605 297 669 432 De
682 326 891 413 Athrismo.
1048 349 1130 438 699
1163 351 1166 358 ’

161 531 298 690 parunt
309 539 386 592 nnn
400 513 561 592 resrstere.
616 512 666 591 lta
681 513 929 600 Muhammed,
949 541 1051 597 nova
1060 517 1128 596 Re·

179 617 312 710 igionis
337 613 527 696 fundator,
562 635 638 686 eam
659 635 705 686 ex
726 612 853 689 talibus
875 613 1131 695 consarcinavit
1227 661 1230 674 ι

162 714 373 812 praeceptis,
396 731 475 806 quae
492 712 602 805 genio
618 707 855 804 plurimorum
877 707 970 786 illius
983 730 1128 810 tempo.

165 810 215 882 ris·
232 806 455 904 Populorum
477 808 732 895 convenirenr3
761 827 836 880 oon
864 811 980 882 minus
999 808 1130 885 alfedi-

164 905 234 979 bus
251 909 355 979 etiam
375 901 572 978 carnalibus
589 897 754 986 indulsit,
779 917 828 999 ,ut
846 901 973 976 molles
990 905 1128 982 Asiatici

165 1003 274 1074 etiam
289 1003 324 1075 in
339 997 531 1094 Religione
547 998 627 1073 talia
642 999 843 1073 invenirent
856 998 1002 1085 statuta,
1027 1005 1128 1095 juxta

163 1117 248 1196 quae
267 1097 520 1196 cupiditatibus
542 1091 607 1170 suis
622 1085 813 1172 satisfacere
832 1091 981 1194 possedt.
1148 1145 1155 1164 .

482 1239 515 1331 §.
543 1236 811 1316 ccxxxvii

197 1363 201 1372 ·
252 1335 411 1432 Populos
447 1333 652 1412 Israeliticus
685 1359 772 1411 vero
805 1336 848 1420 ad
885 1335 1129 1418 Idololatriam

164 1437 365 1532 praeprimis
409 1432 578 1529 rupensus
607 1445 700 1517 erat,
739 1434 791 1508 uti
820 1457 865 1510 ex
891 1451 966 1512 tota
986 1435 1130 1512 historia

163 1530 325 1610 Mosaica
342 1457 559 1628 reiiquisque
575 1525 782 1626 Judaeorum
803 1537 1047 1613 monumentis
1066 1533 1130 1609 ab·

166 1627 264 1703 unde
281 1643 400 1726 patet,
428 1641 467 1701 ut
487 1623 700 1714 sevenffinvis
721 1629 827 1702 etiarn
843 1626 981 1726 legibus
993 1654 1034 1706 ac
1046 1628 1128 1726 sup-

164 1723 282 1822 pliciis
312 1725 355 1798 ab
379 1721 437 1798 illa
461 1725 628 1808 avocari,
674 1725 732 1797 vix
756 1747 798 1808 ac
824 1748 871 1816 ue
897 1729 956 1801 viar
981 1727 1129 1826 quidem

161 1823 336 1920 potuerit.

473 1963 505 2052 s·
533 1960 819 2044 CCXXXVlll.
876 1995 879 2010 ’
1171 2015 1174 2028 ·

239 2059 283 2138 Et
295 2060 412 2138 Moses
424 2059 531 2147 solus,
557 2061 704 2157 ipsemet
717 2065 808 2136 inter
822 2060 1028 2141 ldololatras
1041 2064 1130 2142 edu-

165 2171 283 2244 catus,
310 2176 448 2234 tanturn
469 2181 560 2255 opus
579 2157 739 2252 suscipit,
768 2173 807 2233 ut
823 2181 869 2234 ex
891 2157 1034 2258 Populo
1056 2161 1129 2240 hoc

164 2254 381 2340 idololatriae
394 2253 628 2339 deditissimo,
657 2259 691 2328 dr
712 2257 992 2355 circumquaque
1007 2258 1129 2334 idolo·

162 2351 263 2428 latris
287 2353 529 2434 circumdato,
556 2365 741 2446 peccatum
766 2351 838 2428 hoc
857 2354 961 2450 plane
979 2355 1129 2452 proscri-

162 2449 249 2539 bat3
280 2450 359 2545 quis
378 2447 547 2522 vernubi
568 2441 774 2544 persuadete
798 2453 952 2545 poterit,
982 2454 1128 2550 propria

161 2544 269 2620 illum
287 2545 358 2619 hoc
372 2541 521 2618 effecisse
538 2543 733 2638 potestate,
762 2549 862 2619 omni
883 2549 1006 2622 divino
1025 2550 1128 2625 auxi·

160 2639 216 2715 iio
237 2660 344 2737 atque
365 2640 534 2714 mandato
549 2638 783 2715 destitutum?
806 2640 843 2716 Si
862 2645 1034 2741 impostor
1046 2644 1126 2736 suit,

161 2759 275 2908 quare
297 2741 332 2812 in
355 2735 422 2834 hac
441 2759 478 2810 re
497 2731 637 2833 populo
659 2760 732 2810 non
753 2740 872 2833 potius
891 2739 1053 2824 indulsit,
1086 2754 1128 2817 ut

162 2832 260 2910 ilius
279 2833 436 2929 savorem
456 2849 624 2930 caperet3
664 2832 718 2907 vel
738 2831 855 2908 saltem
882 2833 1127 2914 Idololatriam

162 2953 241 3006 non
257 2931 290 3003 in
306 2929 407 3002 aliana
423 2929 573 3004 muravit
586 2927 761 3016 sormam,
781 2947 820 3006 ut
834 2936 944 3026 genio
955 2929 1127 3018 Hebraeu-

162 3049 244 3102 rum
261 3025 393 3124 aliquid
412 3023 676 3130 gratificaretur.
790 3051 791 3054 ¹
836 3026 839 3032 ’
930 3123 933 3132 y

487 3169 521 3258 i·
547 3165 802 3247 CCXXXlX.

246 3263 395 3362 Reliqua
411 3284 584 3363 praecepta
600 3266 745 3340 moralia
760 3267 804 3340 lta
819 3280 1022 3366 comparata
1035 3265 1127 3354 sunt,
1277 3263 1278 3266 ‘

163 3375 205 3440 ut
223 3361 487 3438 sincerrfflmum
516 3363 583 3440 Dei
604 3384 764 3437 amorem
794 3363 1018 3440 &timorem
1048 3367 1127 3452 ubi-

162 3481 235 3560 que
253 3459 455 3548 inculcent3
482 3462 601 3534 omnia
617 3481 698 3554 erga
715 3463 923 3560 proximum
938 3457 1128 3536 officiaerr.
1268 3533 1278 3544 A

161 3553 326 3630 suttune
347 3558 535 3652 requirant.
599 3551 684 3642 Non
702 3570 840 3630 tantuna
858 3547 1023 3632 scortatio
1044 3555 1126 3632 alia·

190 3675 235 3726 ue
250 3651 458 3742 hujusmodi
474 3650 622 3732 seelera,
650 3674 727 3744 qum
742 3649 918 3729 Gentibus
940 3676 1058 3746 merus
1071 3653 1127 3728 lu·

161 3673 219 3826 ius
237 3760 355 3835 erant,
382 3745 955 3924 severissimisYcomprirrationibus
973 3747 1127 3919 prqslrlpli·
1178 3771 1179 3782 ¹

475 3898 479 3926 r
647 3867 668 3944 y
830 3897 833 3909 ¹
1110 3890 1126 3908 ·
