2596 4434
415 293 793 446 nummio,-

126 497 469 596 'monstrationem
537 493 815 606 Huiusnu‘tem
840 495 1017 584 rtlrtlio
1037 493 1105 586 nr·

119 617 213 728 plex
229 613 346 701 nobis
364 611 465 702 fuitt
502 609 572 696 Ab
589 635 667 696 una
682 607 845 742 quidem
871 635 1004 720 parter
1035 635 1104 714 ut,

124 743 216 813 cum
228 721 384 810 diversa
393 721 466 808 fint
482 723 689 808 hominum
700 722 878 833 ingenia,
897 725 1017 810 etiarn
1034 725 1102 809 hic

126 838 228 922 nihil
262 838 570 950 relinqueremus
599 843 859 941 intentatum,
910 837 1022 946 quod
1049 837 1103 922 ad

125 945 318 1036 Veritatis
343 939 506 1032 maximi
521 937 715 1030 momenti
734 938 1103 1045 confirmationem,

123 1056 480 1173 Scepticorumque
497 1057 814 1142 confutationem
834 1055 967 1145 facere
984 1059 1103 1146 nobis

124 1173 373 1272 videbaturt
394 1195 438 1255 ut
462 1166 580 1254 stuna
596 1169 916 1257 Demonstratim
952 1197 1002 1252 ex
1018 1167 1101 1282 ipsa

124 1282 285 1372 Animae
304 1277 463 1386 Efflnlia
485 1273 661 1366 desumto
679 1279 878 1364 nonnullis
896 1279 1014 1364 nimis
1029 1281 1102 1365 ab·

124 1391 244 1480 strusn
263 1392 467 1478 videretur
492 1418 613 1506 atque
639 1389 935 1504 metaphyfica,
975 1391 1103 1480 alteru

125 1508 230 1592 clara
250 1503 341 1590 ellet
363 1529 483 1619 atque
506 1502 647 1590 facilis.
702 1499 1103 1592 septimusomne

125 1616 227 1716 fuit,
267 1617 377 1730 quod
400 1616 544 1716 multi,
585 1615 680 1699 dum
708 1615 1101 1704 Demonstrationem

126 1757 176 1814 ex
211 1731 293 1840 ipsa
318 1727 474 1813 Animae
502 1729 640 1812 natura
660 1722 875 1810 desumtam
906 1749 987 1810 non
1013 1755 1103 1840 pet.

125 1836 320 1952 spiciunt,
355 1838 465 1924 illam
485 1836 638 1922 nonnisi
657 1838 972 1924 Immortalitatis
987 1836 1102 1950 posfir

128 1949 300 2035 uilitatem
317 1952 486 2060 probare
506 1949 777 2040 contenduntr
807 1953 867 2036 Ex
881 1949 965 2036 alio
981 1973 1101 2064 prop-

111 2081 239 2148 -rtten
274 2062 472 2174 principio
508 2088 594 2144 earn
621 2061 898 2146 demonstrate
931 2063 1101 2170 perutile

138 2169 325 2260 duximus.
383 2171 530 2257 Modus
555 2173 802 2283 probationis
834 2171 945 2280 hujus
969 2171 1100 2266 facilis

134 2281 203 2384 eli,
231 2307 352 2399 atque
369 2283 410 2368 in
432 2283 518 2370 aliis
529 2286 646 2369 rebus
662 2285 780 2396 plane
792 2287 994 2368 consuetus
1011 2315 1024 2376 t
1053 2309 1100 2370 ur

128 2391 276 2480 scilicet
298 2424 348 2506 ex
370 2393 460 2480 Fine
477 2395 636 2503 alicujus
655 2397 713 2480 tei
730 2404 849 2481 etiarn
871 2395 1098 2496 diminuta,

128 2503 407 2618 Proprielater,
434 2505 516 2592 five
531 2504 715 2618 Requrfira
734 2505 791 2590 tei
810 2508 916 2594 illius
927 2507 1105 2592 deduca-

126 2645 225 2722 mus.
284 2623 345 2703 lta
363 2613 544 2722 filcimus
562 2616 774 2728 Exrjlenliae
789 2621 911 2704 totius
929 2607 1103 2726 Univelss

127 2727 255 2814 Finem
271 2728 410 2814 Gloria
427 2726 567 2814 divine
583 2728 902 2840 manifestationem
918 2727 1015 2826 else,
1044 2730 1101 2816 le·

125 2841 266 2952 gitime
306 2841 401 2928 inde
435 2837 639 2955 sequentes
669 2842 813 2927 Mundi
848 2846 1100 2946 proprietates

125 2951 366 3062 colligimus.
432 2985 466 3034 u.
496 2953 612 3038 Nihil
637 2953 677 3036 in
698 2977 787 3039 toto
808 2948 1012 3040 Univetso
1032 2946 1112 3036 de-.

126 3063 348 3172 prehendi,
376 3051 843 3178 quodtandemtdfinem
858 3067 1009 3149 huncce
1020 3084 1104 3148 non

126 3175 332 3284 perducat.
381 3181 423 3268 li·
453 3175 652 3289 Adeoque
670 3177 712 3259 in
733 3202 781 3257 eo
799 3174 934 3262 ornnia
954 3175 1103 3261 debere

129 3281 205 3368 elle
215 3285 470 3386 harmonica,
496 3311 615 3400 arque
625 3288 677 3372 ad
687 3287 868 3373 ultimum
881 3280 999 3372 linem
1017 3311 1105 3374 ten·

128 3396 290 3502 dentia3
319 3395 475 3511 quodfi
498 3425 596 3510 ergo
613 3399 804 3485 nonnulla
819 3395 1105 3500 inordinato-in

130 3505 289 3594 Mundo
302 3510 419 3596 nobis
429 3509 664 3609 videantur,
693 3509 994 3624 arquefinihuic
1010 3537 1106 3597 con·⁴

129 3619 274 3719 traria,
302 3647 350 3706 ea
367 3647 506 3707 revera
517 3622 611 3706 talia
622 3649 702 3707 non
712 3619 811 3721 elle,
843 3619 907 3708 sed
925 3622 1105 3734 angustos

131 3730 358 3834 lntelledlut
397 3731 526 3820 nostri'
555 3733 700 3830 limites
739 3741 873 3848 potius
895 3733 1127 3848 impedire„
1247 3746 1256 3804 l

667 3902 668 3905 κ
1028 3865 1112 3956 quo
