2608 4446
860 187 1028 261 “lt

342 332 430 442 cap.
453 334 513 438 rr.
540 331 607 421 ue
622 332 893 424 naturarum.
982 355 1088 432 1029
1165 379 1166 382 ψ
1276 304 1288 338 “

129 525 251 608 ciffiml
266 527 411 606 illorum
430 520 738 612 intellexissent,li
772 523 872 602 Deus
882 515 996 603 mo'do
1010 526 1082 623 pla·

47 689 48 698 r
128 647 175 701 ne
188 625 305 704 subtili
327 626 362 700 dr
383 623 624 722 metaphylrco
648 621 761 697 solum
771 622 816 697 de
827 621 860 696 le
872 621 1092 700 semetlocu.

130 737 187 798 tus
202 721 304 814 ellet;
331 739 520 820 propterea
541 719 686 804 illorum
704 719 845 794 ruditati
860 719 1092 808 lel'eaccuur·

128 820 275 894 modare
290 818 423 903 voluit,
448 819 483 892 dr
505 837 588 894 cunr
608 813 688 914 ipsu
706 815 880 892 balbutire
896 831 1003 914 atque
1016 816 1083 894 lru-
1102 826 1105 837 '

128 938 238 990 mano
260 939 360 990 mure
382 915 427 989 de
447 912 556 1010 seipso
572 911 694 1010 loqui,
718 915 763 986 ita
779 927 916 995 tamen,
948 925 987 988 ut
1008 937 1090 1012 um7
1117 950 1126 981 a
1200 955 1209 966 ·

129 1015 187 1085 nia
207 1013 351 1086 tendant
378 1010 421 1086 ad
453 1033 571 1085 veram
605 1007 773 1086 Pietatem
798 1009 1005 1088 hominibus
1035 1011 1089 1084 iu·

127 1108 356 1192 calcandam,
384 1129 517 1204 eosque
529 1119 570 1183 ut
587 1101 712 1184 Deum
728 1119 952 1182 revereantur
988 1105 1083 1180 &ti-

13 1217 17 1222 ’
105 1222 246 1278 meant
267 1205 561 1280 commovendos.
614 1199 763 1298 Lingua
802 1223 914 1298 porro
939 1195 1090 1278 Hebraea

127 1301 163 1373 dr
195 1297 395 1376 Orientales
416 1323 542 1374 omnes
567 1299 612 1372 ita
634 1314 848 1393 comparata
866 1297 956 1381 funt,
985 1317 1023 1374 ut
1038 1298 1096 1375 al-.
1163 1367 1173 1384 s

128 1395 273 1492 legoriae
299 1398 334 1470 da
370 1396 584 1492 metaphorae
605 1392 685 1490 ipsis
708 1394 774 1468 lrnt
797 1391 1089 1481 ilmiliarillrmm‚

128 1517 246 1588 neque
275 1492 412 1589 phrases
428 1495 464 1568 in
494 1492 562 1566 illu
575 1490 738 1566 adhibitae
752 1489 835 1567 tales
865 1489 1088 1572 consideran·

128 1594 180 1664 dae
199 1589 277 1663 lunt
293 1593 309 1672 ,’
330 1587 451 1686 quales
475 1591 510 1663 in
531 1589 662 1683 linguis
684 1587 810 1662 nostris
830 1607 1012 1686 apparent,
1029 1586 1087 1684 led
1220 1633 1224 1638 -

125 1685 246 1782 quales
270 1703 325 1760 etr.
341 1688 451 1782 genio
469 1685 561 1760 illius
574 1681 748 1780 Linguae,
774 1705 843 1780 qua
865 1687 993 1776 diuinae
1010 1681 1087 1760 Lit·
1110 1691 1114 1696 ’

122 1797 206 1952 ἕπε
226 1780 440 1880 configuatae
464 1782 554 1867 sunt,
585 1779 753 1878 explicari
775 1781 812 1854 &
836 1781 989 1880 intelligi
1007 1778 1088 1879 pus·

120 1895 212 1960 unt·
588 1893 591 1898 ’
1060 1889 1063 1894 ’
1106 1893 1111 1901 ’

1 2053 2 2126 r
304 1979 308 1989 ⁴
445 2011 789 2113 amitinus
875 1979 876 1982 ‘

201 2167 430 2272 Narrationes
448 2169 613 2268 quasdam
632 2131 731 2268 qdod
744 2167 894 2250 attinet,
916 2155 1088 2264 -tr'tlae‘rld
1302 2237 1303 2240 ,

81 2277 83 2280 ’
128 2267 279 2362 versariis
289 2268 511 2352 incredibiles
539 2268 724 2358 videntur,
754 2265 789 2340 &
820 2262 840 2340 it
873 2269 1009 2358 ratione
1025 2266 1087 2339 ab·
1178 2337 1180 2342 ,

126 2361 219 2438 sonae
237 2393 268 2438 a.
287 2368 407 2460 negari
428 2365 562 2463 nequit,
575 2363 685 2440 multa
704 2367 739 2440 in
764 2361 973 2440 multirllet.
988 2357 1083 2436 Test.
1302 2379 1303 2392 ¹

126 2463 386 2537 narrationibud
404 2455 508 2538 nobis
518 2453 707 2538 remanere
717 2459 876 2558 obscura,
895 2483 971 2556 quar
984 2457 1086 2548 ¹haud

124 2555 229 2632 'facile
261 2557 428 2658 explicari
460 2555 611 2654 queaut3
648 2556 760 2656 ipsum
795 2555 937 2632 Fadum
965 2570 1085 2630 tamen

126 2671 316 2752 propterea
334 2677 408 2730 non
426 2655 537 2750 magia
561 2657 681 2824 neffari
709 2653 851 2752 potest,
875 2675 982 2750 quam
1006 2675 1087 2750 qnae

124 2751 164 2826 in
190 2750 262 2826 aliis
285 2747 587 2850 Historiographir
626 2749 670 2828 de
687 2747 1098 2846 digniffimisreperiunzfl

125 2862 196 2922 tur.
247 2845 353 2923 Unde
369 2843 393 2921 fi
412 2845 492 2923 talia
509 2845 613 2932 falla,
643 2848 679 2920 ln
702 2843 813 2922 Libro
831 2847 958 2920 divinis
980 2844 1085 2942 piune

124 2943 379 3028 charatteribus
394 2937 609 3042 caeteroquin
620 2944 768 3040 praedito
784 2959 984 3027 occurrant,
1005 2961 1091 3040 qua¹

125 3042 232 3115 nubis
260 3039 501 3119 absumebat
532 3043 677 3116 veritate
708 3037 820 3118 aliena
837 3041 1019 3123 videntur,
1046 3039 1084 3112 id

125 3135 323 3236 intelleitus
343 3137 453 3227 nostri
475 3136 706 3214 imbecillitati
720 3189 740 3222 ,,
757 3137 921 3225 omniunt
931 3136 1094 3224 circum-'
1159 3143 1165 3146 ’

125 3231 328 3311 stantiarum
368 3237 577 3330 ignorantiae
626 3235 747 3330 potius
794 3230 1083 3314 adscribendum,

124 3353 233 3428 quam
254 3354 402 3406 verores
426 3331 496 3428 ipsa
513 3329 684 3426 neganda.
748 3327 804 3405 ln
830 3331 935 3407 rebus
955 3329 1082 3413 enim,
1182 3363 1186 3366 ·

123 3447 204 3524 quae
235 3451 312 3519 non
342 3425 587 3526 apertissimam
616 3425 807 3502 involvunt
829 3421 1083 3517 contradidiu·

121 3547 226 3610 nem,
253 3523 439 3622 prudentia
461 3531 571 3621 magis
582 3523 746 3620 requirit,
772 3539 812 3599 ut
830 3521 1001 3615 judicium
1017 3541 1086 3597 nu-

22 3669 25 3676 ·
125 3620 233 3695 strum
263 3619 547 3716 suspendamus,
574 3639 683 3720 quam
710 3635 749 3695 ut
770 3619 1015 3717 imprudentes
1046 3621 1083 3695 dc

123 3729 259 3794 temere
280 3739 358 3798 rem
379 3741 486 3818 quam
506 3739 583 3796 non
602 3719 827 3815 concipimur
849 3716 1058 3810 reiiciamt'rr.

740 3871 860 3900 '=·
979 3850 1199 3962 ⁴Ut'j
