2596 4434
928 141 1129 182 tp.¹

122 429 124 435 Α
187 367 268 458 614
307 472 311 484 Ι
438 345 975 461 capdtoentteismor.

171 535 375 624 lilhmum,
403 535 462 638 sed
479 533 574 616 haud
595 561 675 617 raro
697 537 756 626 fit,
783 555 824 618 ut
851 537 886 628 ii,
918 541 980 640 qui
995 543 1143 624 nonde.

181 639 301 711 bitum·
310 637 383 727 ejus
403 633 536 712 faciunt
551 637 650 712 nsum
670 690 681 721 ,
698 637 885 734 postquam
902 641 1143 736 cogitationes

180 731 254 807 suas
274 729 447 806 methodo
457 731 711 819 mathematicae
733 735 999 822 assuefecerunt,
1019 743 1140 816 omni-

7 865 8 934 3
154 850 385 916 nnmerum,
411 825 655 904 historicarum
672 831 1140 916 etiamdemonstrationenr

7 941 8 996 r
77 923 85 932 “
179 925 462 1008 mathematicam
496 947 542 999 ex
565 927 767 1023 principiis,
793 926 1059 1007 delinitionibus
1096 925 1136 1010 δὲ

7 1011 8 1040 ¹
176 1021 411 1098 axiomatibus
427 1019 611 1097 deduiiam
658 1022 886 1116 ollulent3&
915 1023 1034 1116 silleri
1066 1051 1131 1104 ne-

7 1131 8 1146 '
73 1199 78 1204 ,
177 1134 301 1216 queat,
329 1139 404 1192 rern
425 1131 486 1193 aut
508 1118 609 1215 impo
637 1117 778 1206 rbilem,
802 1119 989 1197 autsaltenr
1018 1125 1134 1198 incer.

97 1273 99 1280 ,
177 1231 249 1289 tarn
274 1214 437 1296 habeant,
463 1235 539 1288 non
555 1214 777 1308 attendentes
791 1215 981 1293 moltaelse
1000 1219 1035 1294 in
1051 1223 1131 1318 qui·

174 1311 239 1385 bus
265 1306 445 1385 methodo
455 1308 544 1398 'huie
562 1309 665 1408 plan'e
681 1311 783 1388 locus
793 1311 859 1388 elle
869 1335 913 1387 ne
932 1317 1044 1402 'neat3
1063 1316 1131 1392 do.

174 1404 249 1482 lent
273 1409 377 1482 etiam
425 1406 499 1482 uod
518 1404 658 1492 Moses,
682 1405 886 1506 Prophetae,
912 1335 943 1486 g

169 1621 367 1696 omnraqpe
390 1593 589 1696 Religionis
611 1602 746 1698 capita,
773 1600 989 1678 &historica
1005 1607 1123 1689 etiam,

168 1693 345 1770 methodo
360 1693 605 1772 mathematica
626 1719 701 1770 non
715 1691 983 1784 elaboraverint,
1008 1699 1064 1774 sed
1079 1701 1124 1778 a'd
1262 1727 1291 1772 ,;

77 1800 80 1807 '
168 1805 311 1888 captum
327 1790 451 1888 r'ulgi,
470 1792 572 1886 cujus
592 1805 709 1869 tameo
722 1791 866 1891 Religio
880 1799 992 1892 magis
1016 1818 1126 1896 quam

167 1887 390 2006 eruditorum
412 1887 490 1976 est,
526 1911 568 1980 ea
595 1888 874 1988 composuerint.

259 2127 356 2208 lnte'r
374 2123 542 2206 Scien'tias
565 2026 826 2227 pffiroLtopntcas
843 2130 916 2222 'vix
933 2065 1043 2220 slatus
1054 2133 1125 2212 liu.

161 2227 274 2312 dium,
289 2226 388 2398 pund
407 2227 540 2302 infinita
550 2225 622 2303 Del
639 2230 929 2303 omniumrerunr
943 2229 1120 2308 Creatoris
1251 2299 1254 2310 .

161 2323 290 2402 &Con
308 2326 475 2398 ervatoris
488 2323 676 2409 attributa,
688 2319 1007 2420 omnisapientiam
1026 2349 1115 2426 praa·

152 2419 265 2517 ,cipue
283 2421 320 2496 ἀ
346 2417 659 2520 omnipotentiam
679 2423 790 2518 magis
813 2420 981 2506 illustret,
1008 2445 1116 2520 qoam

158 2515 357 2614 Phyficum,
374 2518 506 2610 inquo,
518 2535 564 2590 ers
576 2512 729 2604 lllundo,
745 2532 912 2614 tanquam
923 2519 1112 2615 perfetiio·

49 2667 78 2688 .-
158 2627 245 2688 n'nrn
270 2613 467 2688 divinarum
497 2603 653 2709 speculi),
685 2612 892 2689 Creatorem
922 2615 1115 2710 agnoscere

150 2707 318 2784 «discimus
336 2731 347 2802 3
376 2706 431 2784 sed
445 2730 527 2784 cunr
541 2706 650 2784 multa
662 2709 698 2784 in
715 2731 833 2785 rerum
852 2731 998 2787 nexnac
1021 2710 1110 2788 Uni-

144 2803 242 2902 yverfi
265 2821 387 2902 natura
414 2820 626 2890 occurrunt,
661 2827 739 2904 qnae
776 2804 895 2888 linitus
913 2807 1110 2886 intelletlos

154 2924 222 2977 nec
232 2899 429 2998 intelligere
447 2919 514 2976 nec
540 2916 728 3001 propterea
752 2925 837 2978 cum
851 2903 1031 2979 divinavel
1048 2903 1108 2982 Sa-

151 3001 281 3096 pientia
299 3001 354 3073 vel
370 2998 593 3075 Providentia
608 2998 798 3076 conciliare
815 3001 950 3098 potesi3
976 2999 1109 3078 indellt
1174 3043 1176 3052 ι

34 3096 36 3101 ’
152 3095 478 3196 uthpmoprnpriae
493 3095 739 3172 imbecillitatis
752 3097 966 3181 immemor,
987 3120 1033 3172 ax
1056 3121 1119 3174 eo·

149 3193 248 3300 qnod
268 3208 385 3269 totum
404 3210 520 3269 rernm
535 3197 711 3276 omniurn,
728 3208 804 3268 tum
820 3191 1105 3270 srnrultanearnm

149 3305 224 3364 turn
241 3285 515 3372 succefflvarum,
536 3289 570 3362 in
586 3287 660 3363 hoc
678 3277 850 3364 Universo
868 3311 1001 3364 nexum
1023 3311 1102 3386 per·
1166 3373 1170 3381 ,

148 3386 280 3486 spicere
298 3409 371 3462 non
383 3385 497 3468 valet,
525 3405 641 3481 neque
658 3399 846 3481 propterea
864 3387 1028 3460 omnium
1046 3409 1100 3459 re·

147 3479 363 3560 rumcaull'as
379 3505 422 3559 ac
445 3483 598 3558 rationes
620 3483 775 3556 indicare
795 3495 855 3556 ant
875 3477 1099 3559 difficultates

145 3571 279 3656 solvere
305 3581 447 3675 potest,
473 3579 713 3674 omnibusque
741 3575 857 3651 dubiis
888 3597 1095 3665 occurrere,

16 3689 18 3697 ’
39 3725 46 3738 ι
143 3681 223 3774 qitae
242 3676 334 3750 circa
347 3673 455 3752 Orbis
473 3675 808 3750 administrationem
822 3679 893 3750 tarn
911 3675 946 3748 in
968 3673 1097 3771 Regno

145 3771 289 3854 Naturae
301 3793 407 3876 quarn
418 3765 546 3852 Gratia
558 3777 692 3848 moveri
708 3765 860 3880 possunt,
889 3769 1094 3855 concludat,

962 3861 1092 3961 'ajusto
1165 3939 1170 3948 .

170 1501 353 1614 Apolloli,
399 1501 557 1581 wiracula
583 1501 662 1589 sua,
686 1503 854 1604 dogmata
877 1407 1131 1605 &pegigeuptagf
1190 1549 1205 1610 .·
1255 1579 1259 1587 .
