2576 4444
350 308 438 416 Cap.
452 309 499 394 V
501 310 533 398 1.
557 308 623 392 De
643 264 872 406 dirimo(
982 325 1064 418 ⁶97

281 588 284 594 ,
434 496 725 588 §.ccxxxix
821 545 838 562 ,κ
952 503 960 510 “

165 615 264 707 Quae
283 613 404 688 omnia
426 615 470 687 ita
490 613 689 698 docentur,
731 627 770 690 ut
791 613 972 712 principiis
989 609 1061 696 Rn

89 716 204 790 tionis
222 710 297 784 lint
311 708 635 809 convenientillrmn
655 706 780 795 simul,
808 709 826 784 l
846 711 981 808 placitis
1000 733 1060 784 ve·

91 833 137 884 ro
161 808 388 902 reliquorum
419 803 642 903 Populorunt
676 811 779 880 etiam
799 805 1059 881 excultillmo·

91 929 177 981 turn
199 899 420 986 alieniffimm
450 907 509 998 qui
535 918 604 974 tarn
628 899 706 974 villa
730 903 775 976 de
800 901 882 978 Deo
909 901 1062 976 tradide-

91 1016 201 1084 runt,
233 997 516 1088 utEntilummo
533 1000 677 1072 minime
690 997 797 1095 digna
812 996 899 1083 fint,
926 1015 965 1072 ut
979 1021 1062 1092 pro-

91 1101 179 1271 prio
195 1094 253 1170 illa
269 1097 416 1189 ingenio
429 1119 469 1170 ac
482 1095 665 1192 sagacitate
677 1098 888 1222 'precogitare
905 1116 980 1168 non
999 1115 1058 1168 vo·
1270 1150 1274 1165 .

108 1197 204 1272 uerit
223 1189 353 1268 Moles.

173 1338 325 1417 „ltaque3
346 1333 444 1418 inquit
463 1334 567 1402 Celeb.
592 1337 841 1402 TURRETINUS
862 1334 882 1398 l.
904 1353 920 1396 c
944 1329 1065 1397 duobu-

176 1415 253 1494 „bet
274 1413 415 1478 Dodirina
429 1413 503 1484 illa,
524 1415 640 1479 coelesti
662 1415 854 1479 Revelatinne
880 1412 1063 1508 digniffimu

176 1503 279 1574 „Nam
297 1493 474 1555 &iteritates
492 1495 748 1558 Luminenatlnali
763 1495 820 1574 jam
838 1511 991 1577 cognitas,
1013 1491 1064 1556 sed

177 1572 361 1650 „hominum
386 1572 461 1634 vitio
485 1573 665 1644 obscuratas,
694 1576 795 1636 elarius
816 1573 957 1654 proponit
973 1591 1065 1654 atque

179 1651 360 1729 „inculcem
389 1670 423 1713 ea
447 1671 519 1743 vem
540 1671 602 1732 quae
623 1651 854 1736 ignorabantur,
887 1655 917 1712 ur
943 1655 1065 1734 cognitu

179 1726 475 1808 „netellarieeranm
497 1751 525 1792 rn
541 1749 668 1810 apertum
686 1733 783 1794 lucem
800 1729 958 1812 producit:
989 1735 1072 1810 Quae¹
1199 1739 1219 1756 ⁵·

178 1809 287 1887 ‚,duo,
318 1809 445 1874 intanta
469 1809 622 1882 hominum
644 1809 794 1895 caligine,
813 1826 903 1892 atque
924 1810 1001 1874 inter
1020 1823 1067 1871 tot

180 1886 561 1969 „irritosl'lrilosophorom
572 1907 706 1960 conatus,
729 1887 875 1972 quisalius
884 1907 972 1971 quum
986 1893 1069 1954 Deus

177 1966 268 2052 „ipse
280 1983 339 2030 tarn
352 1963 481 2031 feliciter
493 1969 600 2052 exequi
614 1969 715 2032 valuit.
740 1971 860 2036 §.Vlll
873 1985 936 2052 pag.
948 1987 998 2044 η.

442 2105 474 2194 §-
503 2105 735 2186 ccxxxll.

179 2223 334 2322 Optime
373 2223 467 2302 idem
497 2225 711 2325 Theologus
734 2225 947 2304 acutillrnrue
971 2225 1070 2304 addit

103 2325 128 2400 l.
148 2347 177 2399 c.
205 2326 238 2411 §.
260 2323 343 2398 XV.
413 2319 498 2401 Haec
518 2324 565 2398 est
587 2323 769 2420 singularis
792 2324 897 2422 plane
914 2321 1070 2421 Judaicae

106 2421 293 2508 Doctrinae
316 2417 479 2504 indoles,
516 2423 552 2496 &
576 2420 762 2496 Chornder
791 2445 874 2496 vete
906 2425 1067 2508 divinos5

106 2519 209 2614 quod
225 2532 301 2591 tota
320 2517 363 2590 ad
385 2513 506 2591 Detun
525 2519 669 2602 tendat,
707 2515 824 2594 Deum
848 2519 980 2616 ubique
1003 2519 1070 2615 lpi-
1095 2515 1097 2520 ’

107 2631 183 2704 ret,
222 2611 343 2690 Deum
364 2613 495 2708 ubique
516 2619 636 2710 magni
654 2613 780 2704 faciat,
807 2617 942 2699 verbo,
967 2631 1069 2700 tom,

109 2724 243 2808 quanta
266 2723 396 2806 quanta
421 2709 494 2796 est,
519 2709 564 2784 ad
583 2709 655 2786 Dei
676 2708 837 2787 Gloriam
862 2708 903 2785 fit
924 2733 1073 2808 compa.

109 2825 206 2882 rata..
248 2801 290 2880 Et
309 2803 375 2880 hac
391 2827 539 2902 quoque
553 2821 657 2889 nota,
684 2803 856 2882 Dedri'na
873 2807 948 2890 haec
964 2807 1074 2884 ilio-

111 2903 231 2976 lirinis
248 2905 417 2976 omnibus
432 2901 622 2977 hominum
638 2903 820 2978 evidenter
833 2901 1074 2999 distinguitun

112 2997 254 3074 Edenim
276 2999 312 3069 in
343 2995 523 3073 Duilrinis
544 3001 712 3073 omnibus
733 2997 917 3082 humanis,
955 2999 1073 3074 videus

111 3095 194 3169 illos
210 3093 391 3189 propriam
408 3093 755 3192 gloriamquaerere3
783 3095 904 3168 rideas.¹
912 3093 992 3168 illos
1006 3092 1074 3168 Po-
1095 3127 1098 3132 ·

112 3193 268 3267 tentium
294 3193 439 3284 ingenio
463 3208 569 3287 atque
595 3191 755 3266 moribus
776 3213 815 3264 ea
833 3213 911 3287 quae
930 3189 1076 3266 tradunt

111 3286 403 3364 adcommodare.
471 3288 516 3362 llt
535 3288 592 3360 hie
614 3284 714 3362 Deus
738 3288 842 3361 unice
868 3285 1101 3383 respicitur3'
1172 3367 1174 3385 J

115 3381 215 3486 Deus
236 3383 286 3456 eli
311 3383 475 3458 omnium
504 3383 696 3480 seopusuc
715 3380 813 3467 linis,
842 3381 941 3457 Deus
958 3387 1075 3456 omnl-

112 3479 181 3554 bus
192 3478 353 3570 interest,
379 3483 629 3564 omniavidet,
657 3480 930 3574 omniadirigit,
956 3484 1077 3558 omnia

112 3592 311 3748 pperntur,
358 3575 505 3672 adeius
540 3577 643 3650 unius
676 3572 837 3666 Gloriam
872 3580 992 3652 omnia
1023 3597 1077 3651 te-

128 3689 290 3750 etuntur.

216 3824 302 3892 nm.
322 3824 363 3891 rr.
392 3837 395 3844 ·
426 3778 430 3783 ’
491 3817 522 3882 ·.
653 3811 722 3914 uy
987 3817 1080 3912 Qun
