2628 4442
143 319 252 416 ¹843
403 291 493 416 Cap.
521 301 602 394 IX.
630 261 698 386 De
713 299 950 388 Eihnirismo.

174 513 318 572 merum
347 489 628 571 Naturaliemum
648 503 891 577 convertunt,
914 493 951 566 dr
975 490 1147 590 dogmata

175 589 359 686 Religioni
378 587 554 666 Revelatae
581 592 736 664 maxime
769 585 964 664 Ellentialia
988 590 1036 664 ita
1065 613 1147 688 per-

174 701 348 770 vertunt,
378 685 477 762 urnil
487 688 524 761 in
542 684 623 784 ipfis
632 687 871 780 contineatur,
901 686 1086 784 quodnon
1100 709 1148 764 ex

175 782 284 883 ipfius
306 781 468 858 Rationis
492 783 675 880 principiis
687 781 847 868 constare
858 781 993 877 potest,
1009 785 1149 868 ,atticu-

174 880 308 976 losque
324 877 525 978 Religionis
535 877 738 956 Pecoarorie
746 877 1031 954 fundamentales
1042 879 1085 952 ad
1096 895 1150 956 ta-

173 977 226 1052 les
236 975 419 1076 redigunt,
439 977 502 1072 qui
526 978 570 1052 ab
580 975 748 1050 omnibus
763 971 989 1050 Existentiam
1005 977 1041 1050 dr
1053 973 1145 1050 Pro-

176 1073 369 1148 videntiam
389 1070 849 1155 divinamadmittentibus,
876 1074 981 1145 etiam
1000 1066 1148 1147 Revela·

176 1171 278 1250 tione
303 1167 460 1266 lepolrta
483 1167 725 1263 agnoscuntur
754 1167 791 1242 dr
817 1167 919 1242 facile
939 1167 1149 1250 concedun-

177 1279 260 1347 turt
286 1280 321 1341 at
351 1266 416 1350 hac
443 1266 580 1344 ratione
605 1265 722 1338 omnis
743 1262 1064 1340 Revelationistnm
1086 1287 1150 1340 ne·

177 1360 310 1438 cellitas
342 1384 449 1458 quam
479 1364 584 1438 etiam
604 1363 729 1434 vetitas
752 1358 855 1454 plane
868 1364 1058 1434 evertitur:
1110 1376 1150 1436 ut

176 1457 256 1534 haec
290 1481 355 1550 pto
373 1460 531 1548 genuina
553 1456 761 1533 incredulos
783 1459 826 1530 ad
857 1455 963 1529 fidem
982 1457 1152 1532 Christia-

178 1576 269 1726 MR]
287 1550 522 1634 convertendi
548 1550 724 1630 methodo
745 1551 890 1652 agnosci
924 1575 1150 1656 nequaquam

177 1672 230 1750 po
272 1665 295 1725 r

224 1907 238 1974 -’
278 1912 464 2004 Quoniam
495 1789 848 1998 methgbdsgbxb’ee,
874 1935 942 2008 qua
962 1937 1040 1990 veta
1054 1915 1152 2013 dog.
1214 1893 1222 1933 ³

49 2089 52 2093 ,
182 2024 320 2087 matum
335 2008 574 2094 revelatorum
603 2009 693 2086 ratio
720 2007 824 2101 plane
855 2014 1090 2105 pervertitur,
1112 2015 1169 2088 dr

176 2105 318 2184 nortnib
338 2105 387 2188 io,
418 2104 518 2200 quod
536 2107 581 2180 eir
600 2103 669 2178 sola
689 2101 839 2180 Ratione
854 2124 980 2182 notum
992 2105 1060 2183 elle
1080 2131 1151 2204 po·

147 2229 150 2232 ·
179 2201 264 2288 test,
286 2219 462 2300 qnatenus
478 2201 610 2278 scilicet
637 2198 695 2274 illa
718 2199 957 2277 Revelationis
984 2204 1064 2280 luce
1082 2207 1146 2278 aii-

183 2299 387 2399 quomodo
402 2298 574 2380 auxilium
593 2297 752 2393 accepit,
776 2311 815 2372 ut
839 2301 1000 2377 veritates
1025 2316 1153 2380 nmura
1181 2337 1184 2344 λ

18 2409 19 2412 ‘
58 2401 72 2436 ‘¹
179 2396 231 2471 les
252 2383 446 2470 dillinilins
463 2397 646 2491 percipere
662 2391 978 2487 porfirincredulrs
998 2399 1156 2473 'convet-

151 2540 155 2545 ·
183 2491 300 2571 tendis
312 2493 538 2586 proponitur,
566 2491 603 2566 in
625 2487 765 2565 Libello
782 2492 825 2566 ab
849 2494 1154 2591 Anonynroedito

135 2583 138 2601 ⁴
181 2587 403 2672 &idiomate
416 2585 557 2670 Gallico
585 2584 788 2682 conscripto
803 2588 838 2660 in
852 2586 1071 2687 compendio
1088 2611 1154 2665 ex-

177 2683 342 2762 hibetur,
363 2705 402 2756 ea
422 2705 501 2780 quae
519 2684 569 2758 ibi
600 2682 787 2769 dicuntur,
816 2698 991 2782 quatenus
1006 2685 1155 2777 ¹merbo-

182 2781 269 2860 dum
291 2779 383 2860 hanc
403 2777 569 2874 speciant,
598 2779 655 2854 hio
679 2779 832 2874 breviter
856 2783 1151 2870 examinabimus,

146 2911 148 2916 ¹
186 2874 621 2976 reliquendum-Libello
647 2875 720 2950 boc
747 2891 871 2952 contra
896 2876 1063 2955 sandiora
1082 2876 1154 2956 Re·

179 2971 333 3068 ligionis
354 2973 480 3053 nostre
505 2973 673 3068 dogmata
702 2987 904 3057 morentur,
931 2975 1165 3070 adcaputde'

180 3068 477 3156 Sooirrianismo,
505 3091 584 3169 quo.
607 3069 799 3163 pertinent,
832 3073 1054 3148 remittimus.

221 3273 356 3338 Titnlnm
382 3273 500 3338 huncce
521 3273 671 3350 Tradetur
684 3273 733 3338 bic
746 3273 960 3340 nunciecnnda
976 3275 1040 3338 viee
1061 3271 1157 3357 duplo
1212 3339 1220 3354 ,

223 3369 225 3375 ’
257 3351 369 3418 aniiior
391 3351 490 3422 editus
511 3373 566 3434 ptae
588 3355 616 3414 se
637 3354 712 3424 fert:
735 3365 856 3432 Lattres
870 3353 930 3443 fiir
955 3357 985 3428 la
1017 3356 1158 3452 Religion

263 3451 415 3548 effintidle
436 3458 456 3524 d
479 3455 631 3538 I'bomrne,
656 3453 821 3546 distingude
841 3451 878 3522 de
903 3477 939 3556 ce*¹
961 3459 1016 3546 qni
1036 3455 1156 3545 n'enest

255 3543 1155 3712 relabimur*bl'li‘llll‘l“alr

182 3741 185 3746 ·
256 3720 332 3786 mter
346 3720 1156 3870 suanornermaeoroprieurimrrrmbldissigffi·

701 3869 704 3874 Ι
1095 3827 1152 3870 tr·
