<?xml version="1.0" encoding="UTF-8"?>
<!DOCTYPE html PUBLIC "-//W3C//DTD XHTML 1.0 Transitional//EN"
    "http://www.w3.org/TR/xhtml1/DTD/xhtml1-transitional.dtd">
<html xmlns="http://www.w3.org/1999/xhtml" xml:lang="en" lang="en">
 <head>
  <title>
</title>
<meta http-equiv="Content-Type" content="text/html;charset=utf-8" />
  <meta name='ocr-system' content='tesseract 3.04.00' />
  <meta name='ocr-capabilities' content='ocr_page ocr_carea ocr_par ocr_line ocrx_word'/>
</head>
<body>
  <div class='ocr_page' id='page_1' title='image "./johfridstapferi01stapgoog/johfridstapferi01stapgoog_0536.png"; bbox 0 0 2608 4446; ppageno 0'>
   <div class='ocr_carea' id='block_1_1' title="bbox 375 293 1133 452">
    <p class='ocr_par' dir='ltr' id='par_1_1' title="bbox 375 293 1133 452">
     <span class='ocr_line' id='line_1_1' title="bbox 375 293 1133 452; baseline 0.004 -56"><span class='ocrx_word' id='word_1_1' title='bbox 375 307 541 452; x_wconf 67' lang='lat' dir='ltr'><strong>612er</strong></span> <span class='ocrx_word' id='word_1_2' title='bbox 564 293 909 402; x_wconf 74' lang='lat' dir='ltr'><strong>Deslsrluralismo.</strong></span> <span class='ocrx_word' id='word_1_3' title='bbox 1027 307 1133 428; x_wconf 76' lang='lat'><em>1087</em></span> 
     </span>
    </p>
   </div>
   <div class='ocr_carea' id='block_1_2' title="bbox 121 487 1190 986">
    <p class='ocr_par' dir='ltr' id='par_1_2' title="bbox 121 487 1190 986">
     <span class='ocr_line' id='line_1_2' title="bbox 139 487 1134 598; baseline 0.008 -24"><span class='ocrx_word' id='word_1_4' title='bbox 139 487 200 575; x_wconf 60' lang='lat' dir='ltr'><strong>ss&amp;</strong></span> <span class='ocrx_word' id='word_1_5' title='bbox 219 499 440 598; x_wconf 85' lang='lat' dir='ltr'><strong>cognitionis</strong></span> <span class='ocrx_word' id='word_1_6' title='bbox 464 499 641 581; x_wconf 75' lang='lat' dir='ltr'><strong>historice</strong></span> <span class='ocrx_word' id='word_1_7' title='bbox 660 500 942 580; x_wconf 81' lang='lat' dir='ltr'><strong>imbecillitatem</strong></span> <span class='ocrx_word' id='word_1_8' title='bbox 968 502 1006 578; x_wconf 72' lang='grc' dir='ltr'>ἀ</span> <span class='ocrx_word' id='word_1_9' title='bbox 1035 502 1134 582; x_wconf 82' lang='lat' dir='ltr'><strong>dese·</strong></span> 
     </span>
     <span class='ocr_line' id='line_1_3' title="bbox 162 595 1172 701; baseline -0.003 -30"><span class='ocrx_word' id='word_1_10' title='bbox 162 595 356 701; x_wconf 72' lang='lat' dir='ltr'><strong>ilumnon</strong></span> <span class='ocrx_word' id='word_1_11' title='bbox 377 597 481 692; x_wconf 84' lang='lat' dir='ltr'><strong>licet3</strong></span> <span class='ocrx_word' id='word_1_12' title='bbox 507 599 604 674; x_wconf 86' lang='lat' dir='ltr'><strong>unde</strong></span> <span class='ocrx_word' id='word_1_13' title='bbox 627 595 804 696; x_wconf 75' lang='lat' dir='ltr'><strong>saepissime</strong></span> <span class='ocrx_word' id='word_1_14' title='bbox 826 602 864 676; x_wconf 85' lang='lat' dir='ltr'><strong>in</strong></span> <span class='ocrx_word' id='word_1_15' title='bbox 881 597 1046 684; x_wconf 80' lang='lat' dir='ltr'><strong>Vaticinii</strong></span> <span class='ocrx_word' id='word_1_16' title='bbox 1067 623 1131 699; x_wconf 81' lang='lat' dir='ltr'><strong>ap·</strong></span> <span class='ocrx_word' id='word_1_17' title='bbox 1171 663 1172 668; x_wconf 9' lang='lat' dir='ltr'><strong>a</strong></span> 
     </span>
     <span class='ocr_line' id='line_1_4' title="bbox 121 693 1129 794; baseline 0 -26"><span class='ocrx_word' id='word_1_18' title='bbox 121 765 123 768; x_wconf 85' lang='grc'>,</span> <span class='ocrx_word' id='word_1_19' title='bbox 163 693 359 790; x_wconf 88' lang='lat' dir='ltr'><strong>plicatione</strong></span> <span class='ocrx_word' id='word_1_20' title='bbox 371 707 554 780; x_wconf 65' lang='lat' dir='ltr'><strong>,erramus&#39;⁹</strong></span> <span class='ocrx_word' id='word_1_21' title='bbox 581 700 810 779; x_wconf 84' lang='lat' dir='ltr'><strong>momentum</strong></span> <span class='ocrx_word' id='word_1_22' title='bbox 824 695 921 772; x_wconf 90' lang='lat' dir='ltr'><strong>enim</strong></span> <span class='ocrx_word' id='word_1_23' title='bbox 933 719 1129 794; x_wconf 74' lang='lat' dir='ltr'><strong>rerumge-</strong></span> 
     </span>
     <span class='ocr_line' id='line_1_5' title="bbox 161 789 1190 890; baseline 0.007 -24"><span class='ocrx_word' id='word_1_24' title='bbox 161 789 295 884; x_wconf 82' lang='lat' dir='ltr'><strong>starum</strong></span> <span class='ocrx_word' id='word_1_25' title='bbox 314 789 431 866; x_wconf 92' lang='lat' dir='ltr'><strong>solum</strong></span> <span class='ocrx_word' id='word_1_26' title='bbox 444 791 599 888; x_wconf 74' lang='lat' dir='ltr'><strong>respectu</strong></span> <span class='ocrx_word' id='word_1_27' title='bbox 618 793 748 883; x_wconf 88' lang='lat' dir='ltr'><strong>nostri,</strong></span> <span class='ocrx_word' id='word_1_28' title='bbox 777 815 850 869; x_wconf 90' lang='lat' dir='ltr'><strong>non</strong></span> <span class='ocrx_word' id='word_1_29' title='bbox 867 816 956 868; x_wconf 83' lang='lat' dir='ltr'><strong>vero</strong></span> <span class='ocrx_word' id='word_1_30' title='bbox 970 790 1139 890; x_wconf 76' lang='lat' dir='ltr'><strong>respellu-</strong></span> <span class='ocrx_word' id='word_1_31' title='bbox 1188 859 1190 888; x_wconf 77' lang='grc'><strong>,</strong></span> 
     </span>
     <span class='ocr_line' id='line_1_6' title="bbox 162 887 1133 986; baseline 0.003 -25"><span class='ocrx_word' id='word_1_32' title='bbox 162 889 275 964; x_wconf 86' lang='lat' dir='ltr'><strong>tutius</strong></span> <span class='ocrx_word' id='word_1_33' title='bbox 287 909 402 972; x_wconf 79' lang='lat' dir='ltr'><strong>nexus</strong></span> <span class='ocrx_word' id='word_1_34' title='bbox 422 911 463 964; x_wconf 91' lang='lat' dir='ltr'><strong>ac</strong></span> <span class='ocrx_word' id='word_1_35' title='bbox 477 887 667 986; x_wconf 84' lang='lat' dir='ltr'><strong>systematis</strong></span> <span class='ocrx_word' id='word_1_36' title='bbox 683 889 778 965; x_wconf 85' lang='lat' dir='ltr'><strong>haud</strong></span> <span class='ocrx_word' id='word_1_37' title='bbox 796 913 878 970; x_wconf 77' lang='lat' dir='ltr'><strong>¹rano</strong></span> <span class='ocrx_word' id='word_1_38' title='bbox 896 891 1018 966; x_wconf 84' lang='lat' dir='ltr'><strong>metiri</strong></span> <span class='ocrx_word' id='word_1_39' title='bbox 1037 888 1133 966; x_wconf 77' lang='lat' dir='ltr'><strong>sole·</strong></span> 
     </span>
    </p>
   </div>
   <div class='ocr_carea' id='block_1_3' title="bbox 11 983 1128 1190">
    <p class='ocr_par' dir='ltr' id='par_1_3' title="bbox 11 983 1128 1190">
     <span class='ocr_line' id='line_1_7' title="bbox 39 983 1127 1078; baseline 0.003 -17"><span class='ocrx_word' id='word_1_40' title='bbox 39 1039 45 1046; x_wconf 87' lang='lat'>-</span> <span class='ocrx_word' id='word_1_41' title='bbox 164 1004 255 1061; x_wconf 84' lang='lat' dir='ltr'><strong>mue.</strong></span> <span class='ocrx_word' id='word_1_42' title='bbox 306 983 442 1078; x_wconf 80' lang='lat' dir='ltr'>Quoad</span> <span class='ocrx_word' id='word_1_43' title='bbox 462 985 580 1070; x_wconf 85' lang='lat' dir='ltr'><strong>sutura</strong></span> <span class='ocrx_word' id='word_1_44' title='bbox 601 1009 708 1076; x_wconf 85' lang='lat' dir='ltr'><strong>vero,</strong></span> <span class='ocrx_word' id='word_1_45' title='bbox 735 1009 819 1071; x_wconf 83' lang='lat' dir='ltr'><strong>cum</strong></span> <span class='ocrx_word' id='word_1_46' title='bbox 841 1009 881 1063; x_wconf 85' lang='lat' dir='ltr'><strong>ea</strong></span> <span class='ocrx_word' id='word_1_47' title='bbox 896 1009 964 1060; x_wconf 88' lang='lat' dir='ltr'><strong>nos</strong></span> <span class='ocrx_word' id='word_1_48' title='bbox 984 984 1127 1071; x_wconf 84' lang='lat' dir='ltr'><strong>lateant,</strong></span> 
     </span>
     <span class='ocr_line' id='line_1_8' title="bbox 11 1081 1128 1190; baseline 0.002 -36"><span class='ocrx_word' id='word_1_49' title='bbox 11 1141 13 1154; x_wconf 90' lang='lat'><em>.</em></span> <span class='ocrx_word' id='word_1_50' title='bbox 152 1175 153 1182; x_wconf 11' lang='grc' dir='ltr'><strong><em>Ν</em></strong></span> <span class='ocrx_word' id='word_1_51' title='bbox 163 1083 348 1190; x_wconf 79' lang='lat' dir='ltr'><strong>praecipue</strong></span> <span class='ocrx_word' id='word_1_52' title='bbox 364 1083 485 1178; x_wconf 90' lang='lat' dir='ltr'><strong>quoad</strong></span> <span class='ocrx_word' id='word_1_53' title='bbox 511 1081 662 1158; x_wconf 88' lang='lat' dir='ltr'><strong>modum</strong></span> <span class='ocrx_word' id='word_1_54' title='bbox 690 1083 727 1158; x_wconf 87' lang='lat'>&amp;</span> <span class='ocrx_word' id='word_1_55' title='bbox 758 1085 867 1158; x_wconf 83' lang='lat' dir='ltr'><strong>varias</strong></span> <span class='ocrx_word' id='word_1_56' title='bbox 896 1081 1128 1158; x_wconf 87' lang='lat' dir='ltr'><strong>circumstan-</strong></span> 
     </span>
    </p>
   </div>
   <div class='ocr_carea' id='block_1_4' title="bbox 11 1169 1242 1482">
    <p class='ocr_par' dir='ltr' id='par_1_4' title="bbox 11 1169 1242 1482">
     <span class='ocr_line' id='line_1_9' title="bbox 11 1169 1128 1348; baseline 0 -98"><span class='ocrx_word' id='word_1_57' title='bbox 11 1169 12 1174; x_wconf 56' lang='lat'>‘</span> <span class='ocrx_word' id='word_1_58' title='bbox 91 1189 94 1194; x_wconf 83' lang='grc'><strong><em>’</em></strong></span> <span class='ocrx_word' id='word_1_59' title='bbox 165 1173 256 1267; x_wconf 80' lang='lat' dir='ltr'><strong>tias,</strong></span> <span class='ocrx_word' id='word_1_60' title='bbox 300 1199 488 1279; x_wconf 86' lang='lat' dir='ltr'><strong>propterea</strong></span> <span class='ocrx_word' id='word_1_61' title='bbox 507 1183 612 1260; x_wconf 86' lang='lat' dir='ltr'><strong>etiam</strong></span> <span class='ocrx_word' id='word_1_62' title='bbox 637 1176 794 1270; x_wconf 78' lang='lat' dir='ltr'><strong>Orqcula</strong></span> <span class='ocrx_word' id='word_1_63' title='bbox 813 1178 979 1255; x_wconf 89' lang='lat' dir='ltr'><strong>nondum</strong></span> <span class='ocrx_word' id='word_1_64' title='bbox 998 1175 1128 1348; x_wconf 75' lang='lat' dir='ltr'><strong>imple-</strong></span> 
     </span>
     <span class='ocr_line' id='line_1_10' title="bbox 166 1274 1127 1372; baseline -0.002 -20"><span class='ocrx_word' id='word_1_65' title='bbox 166 1284 201 1352; x_wconf 84' lang='lat' dir='ltr'><strong>ta</strong></span> <span class='ocrx_word' id='word_1_66' title='bbox 218 1287 380 1353; x_wconf 84' lang='lat' dir='ltr'><strong>accurate</strong></span> <span class='ocrx_word' id='word_1_67' title='bbox 398 1275 575 1372; x_wconf 86' lang='lat' dir='ltr'><strong>explicare</strong></span> <span class='ocrx_word' id='word_1_68' title='bbox 588 1281 788 1372; x_wconf 86' lang='lat' dir='ltr'><strong>nequimus.</strong></span> <span class='ocrx_word' id='word_1_69' title='bbox 823 1276 891 1355; x_wconf 78' lang='lat' dir='ltr'><strong>¹rid</strong></span> <span class='ocrx_word' id='word_1_70' title='bbox 905 1274 1050 1350; x_wconf 85' lang='lat' dir='ltr'><strong>infallibi</strong></span> <span class='ocrx_word' id='word_1_71' title='bbox 1069 1296 1127 1350; x_wconf 86' lang='lat' dir='ltr'><strong>em</strong></span> 
     </span>
     <span class='ocr_line' id='line_1_11' title="bbox 164 1369 1242 1482; baseline 0.007 -38"><span class='ocrx_word' id='word_1_72' title='bbox 164 1391 254 1482; x_wconf 83' lang='lat' dir='ltr'><strong>ergo</strong></span> <span class='ocrx_word' id='word_1_73' title='bbox 282 1369 554 1468; x_wconf 87' lang='lat' dir='ltr'><strong>Prophetiarum</strong></span> <span class='ocrx_word' id='word_1_74' title='bbox 578 1373 858 1470; x_wconf 74' lang='lat' dir='ltr'><strong>applicationem</strong></span> <span class='ocrx_word' id='word_1_75' title='bbox 889 1375 1128 1470; x_wconf 83' lang='lat' dir='ltr'><strong>requireretur</strong></span> <span class='ocrx_word' id='word_1_76' title='bbox 1240 1445 1242 1452; x_wconf 83' lang='grc'><strong>,</strong></span> 
     </span>
    </p>
   </div>
   <div class='ocr_carea' id='block_1_5' title="bbox 11 1443 1127 1562">
    <p class='ocr_par' dir='ltr' id='par_1_5' title="bbox 11 1443 1127 1562">
     <span class='ocr_line' id='line_1_12' title="bbox 11 1443 1127 1562; baseline 0.001 -24"><span class='ocrx_word' id='word_1_77' title='bbox 11 1443 13 1538; x_wconf 69' lang='grc' dir='ltr'>ἶ</span> <span class='ocrx_word' id='word_1_78' title='bbox 35 1507 38 1524; x_wconf 75' lang='lat'><em>‹</em></span> <span class='ocrx_word' id='word_1_79' title='bbox 149 1467 420 1548; x_wconf 74' lang='lat' dir='ltr'><strong>nominamus</strong></span> <span class='ocrx_word' id='word_1_80' title='bbox 438 1466 591 1546; x_wconf 76' lang='lat' dir='ltr'><strong>universi</strong></span> <span class='ocrx_word' id='word_1_81' title='bbox 613 1493 732 1550; x_wconf 79' lang='lat' dir='ltr'><strong>rerum</strong></span> <span class='ocrx_word' id='word_1_82' title='bbox 746 1472 784 1545; x_wconf 92' lang='lat' dir='ltr'><strong>in</strong></span> <span class='ocrx_word' id='word_1_83' title='bbox 801 1469 955 1546; x_wconf 75' lang='lat' dir='ltr'><strong>civitate</strong></span> <span class='ocrx_word' id='word_1_84' title='bbox 977 1465 1045 1550; x_wconf 86' lang='lat' dir='ltr'><strong>Dei</strong></span> <span class='ocrx_word' id='word_1_85' title='bbox 1062 1489 1127 1562; x_wconf 88' lang='lat' dir='ltr'><strong>ge·</strong></span> 
     </span>
    </p>
   </div>
   <div class='ocr_carea' id='block_1_6' title="bbox 158 1561 1127 1662">
    <p class='ocr_par' dir='ltr' id='par_1_6' title="bbox 158 1561 1127 1662">
     <span class='ocr_line' id='line_1_13' title="bbox 158 1561 1127 1662; baseline 0.009 -26"><span class='ocrx_word' id='word_1_86' title='bbox 158 1561 289 1648; x_wconf 86' lang='lat' dir='ltr'><strong>starum</strong></span> <span class='ocrx_word' id='word_1_87' title='bbox 302 1565 345 1644; x_wconf 83' lang='lat'><strong>&#39;&amp;</strong></span> <span class='ocrx_word' id='word_1_88' title='bbox 365 1563 628 1660; x_wconf 80' lang='lat' dir='ltr'><strong>gerendarum,</strong></span> <span class='ocrx_word' id='word_1_89' title='bbox 666 1589 736 1662; x_wconf 89' lang='lat' dir='ltr'><strong>qua</strong></span> <span class='ocrx_word' id='word_1_90' title='bbox 757 1569 878 1643; x_wconf 90' lang='lat' dir='ltr'><strong>omnia</strong></span> <span class='ocrx_word' id='word_1_91' title='bbox 898 1589 973 1641; x_wconf 93' lang='lat' dir='ltr'><strong>uno</strong></span> <span class='ocrx_word' id='word_1_92' title='bbox 993 1565 1127 1646; x_wconf 86' lang='lat' dir='ltr'><strong>intuitu</strong></span> 
     </span>
    </p>
   </div>
   <div class='ocr_carea' id='block_1_7' title="bbox 160 1659 1256 1769">
    <p class='ocr_par' dir='ltr' id='par_1_7' title="bbox 160 1659 1256 1769">
     <span class='ocr_line' id='line_1_14' title="bbox 160 1659 1256 1769; baseline 0.005 -37"><span class='ocrx_word' id='word_1_93' title='bbox 160 1659 469 1756; x_wconf 84' lang='lat' dir='ltr'><strong>comprehendere</strong></span> <span class='ocrx_word' id='word_1_94' title='bbox 485 1681 593 1769; x_wconf 70' lang='lat' dir='ltr'><strong>atque</strong></span> <span class='ocrx_word' id='word_1_95' title='bbox 613 1685 727 1736; x_wconf 89' lang='lat' dir='ltr'><strong>unum</strong></span> <span class='ocrx_word' id='word_1_96' title='bbox 747 1685 831 1738; x_wconf 93' lang='lat' dir='ltr'><strong>cum</strong></span> <span class='ocrx_word' id='word_1_97' title='bbox 847 1665 966 1748; x_wconf 78' lang='lat' dir='ltr'><strong>altero</strong></span> <span class='ocrx_word' id='word_1_98' title='bbox 979 1683 1129 1758; x_wconf 46' lang='lat' dir='ltr'><strong>compa*</strong></span> <span class='ocrx_word' id='word_1_99' title='bbox 1254 1666 1256 1672; x_wconf 75' lang='grc'><strong>’</strong></span> 
     </span>
    </p>
   </div>
   <div class='ocr_carea' id='block_1_8' title="bbox 11 1743 1183 2499">
    <p class='ocr_par' dir='ltr' id='par_1_8' title="bbox 11 1743 1183 2242">
     <span class='ocr_line' id='line_1_15' title="bbox 160 1743 1129 1855; baseline 0.005 -28"><span class='ocrx_word' id='word_1_100' title='bbox 160 1777 238 1853; x_wconf 81' lang='lat' dir='ltr'><strong>rare</strong></span> <span class='ocrx_word' id='word_1_101' title='bbox 260 1753 449 1855; x_wconf 83' lang='lat' dir='ltr'><strong>possemus.</strong></span> <span class='ocrx_word' id='word_1_102' title='bbox 499 1755 637 1835; x_wconf 79' lang='lat' dir='ltr'><strong>Sufficit</strong></span> <span class='ocrx_word' id='word_1_103' title='bbox 655 1779 741 1839; x_wconf 83' lang='lat' dir='ltr'><strong>vero</strong></span> <span class='ocrx_word' id='word_1_104' title='bbox 759 1743 917 1838; x_wconf 79' lang='lat' dir='ltr'><strong>Oracula</strong></span> <span class='ocrx_word' id='word_1_105' title='bbox 938 1757 1020 1842; x_wconf 91' lang='lat' dir='ltr'><strong>illa,</strong></span> <span class='ocrx_word' id='word_1_106' title='bbox 1048 1775 1129 1854; x_wconf 76' lang='lat' dir='ltr'><strong>quae</strong></span> 
     </span>
     <span class='ocr_line' id='line_1_16' title="bbox 161 1849 1183 1952; baseline -0.005 -24"><span class='ocrx_word' id='word_1_107' title='bbox 161 1855 310 1933; x_wconf 77' lang='lat' dir='ltr'><strong>maximi</strong></span> <span class='ocrx_word' id='word_1_108' title='bbox 331 1852 411 1927; x_wconf 89' lang='lat' dir='ltr'><strong>sunt</strong></span> <span class='ocrx_word' id='word_1_109' title='bbox 437 1853 636 1936; x_wconf 84' lang='lat' dir='ltr'><strong>momenti,</strong></span> <span class='ocrx_word' id='word_1_110' title='bbox 665 1853 701 1927; x_wconf 90' lang='lat'>&amp;</span> <span class='ocrx_word' id='word_1_111' title='bbox 724 1876 803 1952; x_wconf 82' lang='lat' dir='ltr'><strong>quae</strong></span> <span class='ocrx_word' id='word_1_112' title='bbox 827 1851 1007 1949; x_wconf 76' lang='lat' dir='ltr'><strong>adipsum</strong></span> <span class='ocrx_word' id='word_1_113' title='bbox 1031 1849 1128 1930; x_wconf 86' lang='lat' dir='ltr'><strong>Reli·</strong></span> <span class='ocrx_word' id='word_1_114' title='bbox 1178 1883 1183 1887; x_wconf 94' lang='lat'>·</span> 
     </span>
     <span class='ocr_line' id='line_1_17' title="bbox 159 1943 1130 2047; baseline 0.001 -25"><span class='ocrx_word' id='word_1_115' title='bbox 159 1951 283 2044; x_wconf 84' lang='lat' dir='ltr'><strong>gionis</strong></span> <span class='ocrx_word' id='word_1_116' title='bbox 313 1966 476 2026; x_wconf 82' lang='lat' dir='ltr'><strong>centrum</strong></span> <span class='ocrx_word' id='word_1_117' title='bbox 509 1951 717 2047; x_wconf 89' lang='lat' dir='ltr'><strong>pertinent,</strong></span> <span class='ocrx_word' id='word_1_118' title='bbox 761 1951 1028 2046; x_wconf 83' lang='lat' dir='ltr'><strong>quammaxime</strong></span> <span class='ocrx_word' id='word_1_119' title='bbox 1060 1943 1130 2032; x_wconf 75' lang='lat' dir='ltr'><strong>esso</strong></span> 
     </span>
     <span class='ocr_line' id='line_1_18' title="bbox 11 2043 1128 2148; baseline 0.003 -32"><span class='ocrx_word' id='word_1_120' title='bbox 11 2091 15 2137; x_wconf 48' lang='lat' dir='ltr'><strong>p</strong></span> <span class='ocrx_word' id='word_1_121' title='bbox 161 2043 369 2142; x_wconf 87' lang='lat' dir='ltr'><strong>perspicua,</strong></span> <span class='ocrx_word' id='word_1_122' title='bbox 404 2061 445 2118; x_wconf 90' lang='lat' dir='ltr'><strong>ut</strong></span> <span class='ocrx_word' id='word_1_123' title='bbox 465 2045 509 2120; x_wconf 90' lang='lat' dir='ltr'><strong>ab</strong></span> <span class='ocrx_word' id='word_1_124' title='bbox 532 2047 722 2146; x_wconf 86' lang='lat' dir='ltr'><strong>ornnibus,</strong></span> <span class='ocrx_word' id='word_1_125' title='bbox 750 2048 814 2145; x_wconf 82' lang='lat' dir='ltr'><strong>qui</strong></span> <span class='ocrx_word' id='word_1_126' title='bbox 835 2043 1014 2142; x_wconf 87' lang='lat' dir='ltr'><strong>seponunt</strong></span> <span class='ocrx_word' id='word_1_127' title='bbox 1038 2067 1128 2148; x_wconf 67' lang='lat' dir='ltr'><strong>pra,</strong></span> 
     </span>
     <span class='ocr_line' id='line_1_19' title="bbox 11 2138 709 2242; baseline 0.007 -24"><span class='ocrx_word' id='word_1_128' title='bbox 11 2184 15 2232; x_wconf 68' lang='grc' dir='ltr'><strong><em>ς</em></strong></span> <span class='ocrx_word' id='word_1_129' title='bbox 85 2189 94 2200; x_wconf 92' lang='lat'><strong>·</strong></span> <span class='ocrx_word' id='word_1_130' title='bbox 160 2140 321 2241; x_wconf 76' lang='lat' dir='ltr'><strong>judicia,</strong></span> <span class='ocrx_word' id='word_1_131' title='bbox 343 2138 499 2242; x_wconf 47' lang='lat' dir='ltr'><strong>‘intelligi</strong></span> <span class='ocrx_word' id='word_1_132' title='bbox 518 2160 664 2239; x_wconf 81' lang='lat' dir='ltr'><strong>queant.</strong></span> <span class='ocrx_word' id='word_1_133' title='bbox 706 2153 709 2164; x_wconf 85' lang='grc'><em>“</em></span> 
     </span>
    </p>

    <p class='ocr_par' dir='ltr' id='par_1_9' title="bbox 11 2283 904 2382">
     <span class='ocr_line' id='line_1_20' title="bbox 11 2283 904 2382; baseline -0.006 -13"><span class='ocrx_word' id='word_1_134' title='bbox 11 2285 14 2294; x_wconf 77' lang='grc'><strong>’</strong></span> <span class='ocrx_word' id='word_1_135' title='bbox 219 2289 226 2302; x_wconf 68' lang='grc'><strong>“</strong></span> <span class='ocrx_word' id='word_1_136' title='bbox 524 2285 557 2376; x_wconf 67' lang='lat' dir='ltr'><strong>s·</strong></span> <span class='ocrx_word' id='word_1_137' title='bbox 583 2283 768 2378; x_wconf 74' lang='lat' dir='ltr'><strong>cccxii.</strong></span> <span class='ocrx_word' id='word_1_138' title='bbox 899 2371 904 2382; x_wconf 73' lang='lat'>,</span> 
     </span>
    </p>

    <p class='ocr_par' dir='ltr' id='par_1_10' title="bbox 232 2393 1129 2499">
     <span class='ocr_line' id='line_1_21' title="bbox 232 2393 1129 2499; baseline -0.004 -27"><span class='ocrx_word' id='word_1_139' title='bbox 232 2395 287 2484; x_wconf 80' lang='lat'><strong>2.)</strong></span> <span class='ocrx_word' id='word_1_140' title='bbox 309 2393 423 2482; x_wconf 82' lang='lat' dir='ltr'><strong>Etiam</strong></span> <span class='ocrx_word' id='word_1_141' title='bbox 444 2395 518 2486; x_wconf 90' lang='lat' dir='ltr'><strong>hoc</strong></span> <span class='ocrx_word' id='word_1_142' title='bbox 534 2398 815 2482; x_wconf 87' lang='lat' dir='ltr'><strong>attendendum,</strong></span> <span class='ocrx_word' id='word_1_143' title='bbox 842 2395 942 2499; x_wconf 86' lang='lat' dir='ltr'><strong>quod</strong></span> <span class='ocrx_word' id='word_1_144' title='bbox 962 2395 1042 2474; x_wconf 88' lang='lat' dir='ltr'><strong>talia</strong></span> <span class='ocrx_word' id='word_1_145' title='bbox 1065 2416 1129 2470; x_wconf 76' lang='lat' dir='ltr'><strong>ex.</strong></span> 
     </span>
    </p>
   </div>
   <div class='ocr_carea' id='block_1_9' title="bbox 11 2482 1129 2590">
    <p class='ocr_par' dir='ltr' id='par_1_11' title="bbox 11 2482 1129 2590">
     <span class='ocr_line' id='line_1_22' title="bbox 11 2482 1129 2590; baseline -0.007 -18"><span class='ocrx_word' id='word_1_146' title='bbox 11 2482 15 2529; x_wconf 62' lang='lat'>³</span> <span class='ocrx_word' id='word_1_147' title='bbox 60 2563 74 2580; x_wconf 82' lang='grc'><strong>,</strong></span> <span class='ocrx_word' id='word_1_148' title='bbox 163 2507 241 2570; x_wconf 88' lang='lat' dir='ltr'><strong>tant</strong></span> <span class='ocrx_word' id='word_1_149' title='bbox 259 2492 458 2587; x_wconf 76' lang='lat' dir='ltr'><strong>Vaticlnia,</strong></span> <span class='ocrx_word' id='word_1_150' title='bbox 485 2519 564 2590; x_wconf 84' lang='lat' dir='ltr'><strong>quaa</strong></span> <span class='ocrx_word' id='word_1_151' title='bbox 577 2520 652 2585; x_wconf 90' lang='lat' dir='ltr'><strong>non</strong></span> <span class='ocrx_word' id='word_1_152' title='bbox 672 2495 784 2571; x_wconf 89' lang='lat' dir='ltr'><strong>solum</strong></span> <span class='ocrx_word' id='word_1_153' title='bbox 802 2494 846 2570; x_wconf 92' lang='lat' dir='ltr'><strong>ad</strong></span> <span class='ocrx_word' id='word_1_154' title='bbox 865 2492 1050 2590; x_wconf 86' lang='lat' dir='ltr'><strong>specialem</strong></span> <span class='ocrx_word' id='word_1_155' title='bbox 1066 2490 1129 2567; x_wconf 71' lang='lat' dir='ltr'><strong>ali-</strong></span> 
     </span>
    </p>
   </div>
   <div class='ocr_carea' id='block_1_10' title="bbox 163 2587 1186 2798">
    <p class='ocr_par' dir='ltr' id='par_1_12' title="bbox 163 2587 1186 2798">
     <span class='ocr_line' id='line_1_23' title="bbox 163 2587 1186 2691; baseline -0.009 -22"><span class='ocrx_word' id='word_1_156' title='bbox 163 2613 274 2689; x_wconf 86' lang='lat' dir='ltr'><strong>quem</strong></span> <span class='ocrx_word' id='word_1_157' title='bbox 293 2609 482 2672; x_wconf 74' lang='lat' dir='ltr'><strong>mentum,</strong></span> <span class='ocrx_word' id='word_1_158' title='bbox 505 2589 564 2666; x_wconf 88' lang='lat' dir='ltr'><strong>sed</strong></span> <span class='ocrx_word' id='word_1_159' title='bbox 579 2592 623 2666; x_wconf 90' lang='lat' dir='ltr'><strong>ad</strong></span> <span class='ocrx_word' id='word_1_160' title='bbox 638 2593 841 2690; x_wconf 82' lang='lat' dir='ltr'><strong>generalem</strong></span> <span class='ocrx_word' id='word_1_161' title='bbox 854 2591 1009 2691; x_wconf 83' lang='lat' dir='ltr'><strong>aliquem</strong></span> <span class='ocrx_word' id='word_1_162' title='bbox 1023 2587 1140 2684; x_wconf 53' lang='lat' dir='ltr'><strong>cespis</strong></span> <span class='ocrx_word' id='word_1_163' title='bbox 1180 2587 1186 2597; x_wconf 82' lang='grc'><strong>”</strong></span> 
     </span>
     <span class='ocr_line' id='line_1_24' title="bbox 164 2685 1131 2798; baseline -0.005 -36"><span class='ocrx_word' id='word_1_164' title='bbox 164 2689 268 2763; x_wconf 90' lang='lat' dir='ltr'><strong>ciunt</strong></span> <span class='ocrx_word' id='word_1_165' title='bbox 290 2685 450 2772; x_wconf 73' lang='lat' dir='ltr'><strong>Ecclesia</strong></span> <span class='ocrx_word' id='word_1_166' title='bbox 471 2687 625 2771; x_wconf 86' lang='lat' dir='ltr'><strong>statum,</strong></span> <span class='ocrx_word' id='word_1_167' title='bbox 667 2691 730 2798; x_wconf 80' lang='lat' dir='ltr'><strong>qui</strong></span> <span class='ocrx_word' id='word_1_168' title='bbox 757 2711 845 2762; x_wconf 85' lang='lat' dir='ltr'><strong>vero</strong></span> <span class='ocrx_word' id='word_1_169' title='bbox 866 2711 948 2764; x_wconf 89' lang='lat' dir='ltr'><strong>uno</strong></span> <span class='ocrx_word' id='word_1_170' title='bbox 963 2702 1131 2782; x_wconf 84' lang='lat' dir='ltr'><strong>tempore</strong></span> 
     </span>
    </p>
   </div>
   <div class='ocr_carea' id='block_1_11' title="bbox 57 2773 1132 2870">
    <p class='ocr_par' dir='ltr' id='par_1_13' title="bbox 57 2773 1132 2870">
     <span class='ocr_line' id='line_1_25' title="bbox 57 2773 1132 2870; baseline -0.006 -10"><span class='ocrx_word' id='word_1_171' title='bbox 57 2779 62 2790; x_wconf 83' lang='grc'><strong>’</strong></span> <span class='ocrx_word' id='word_1_172' title='bbox 163 2781 304 2866; x_wconf 77' lang='lat' dir='ltr'><strong>felicior</strong></span> <span class='ocrx_word' id='word_1_173' title='bbox 318 2773 431 2870; x_wconf 83' lang='lat' dir='ltr'><strong>altero</strong></span> <span class='ocrx_word' id='word_1_174' title='bbox 453 2780 511 2856; x_wconf 88' lang='lat' dir='ltr'><strong>est.</strong></span> <span class='ocrx_word' id='word_1_175' title='bbox 571 2781 657 2860; x_wconf 81' lang='lat' dir='ltr'><strong>inde</strong></span> <span class='ocrx_word' id='word_1_176' title='bbox 678 2791 717 2857; x_wconf 85' lang='lat' dir='ltr'><strong>trt</strong></span> <span class='ocrx_word' id='word_1_177' title='bbox 740 2798 780 2858; x_wconf 89' lang='lat' dir='ltr'><strong>ut</strong></span> <span class='ocrx_word' id='word_1_178' title='bbox 796 2783 892 2860; x_wconf 87' lang='lat' dir='ltr'><strong>haud</strong></span> <span class='ocrx_word' id='word_1_179' title='bbox 912 2806 991 2862; x_wconf 86' lang='lat' dir='ltr'><strong>raro</strong></span> <span class='ocrx_word' id='word_1_180' title='bbox 1020 2783 1132 2856; x_wconf 87' lang='lat' dir='ltr'><strong>inter·</strong></span> 
     </span>
    </p>
   </div>
   <div class='ocr_carea' id='block_1_12' title="bbox 164 2875 1212 3166">
    <p class='ocr_par' dir='ltr' id='par_1_14' title="bbox 164 2875 1212 3166">
     <span class='ocr_line' id='line_1_26' title="bbox 193 2875 1132 2968; baseline -0.004 -14"><span class='ocrx_word' id='word_1_181' title='bbox 193 2895 284 2958; x_wconf 86' lang='lat' dir='ltr'><strong>retes</strong></span> <span class='ocrx_word' id='word_1_182' title='bbox 313 2881 522 2958; x_wconf 88' lang='lat' dir='ltr'><strong>divinorum</strong></span> <span class='ocrx_word' id='word_1_183' title='bbox 542 2875 785 2956; x_wconf 88' lang='lat' dir='ltr'><strong>Oraculorum</strong></span> <span class='ocrx_word' id='word_1_184' title='bbox 807 2877 880 2968; x_wconf 79' lang='lat' dir='ltr'><strong>hoc</strong></span> <span class='ocrx_word' id='word_1_185' title='bbox 907 2879 1020 2958; x_wconf 89' lang='lat' dir='ltr'><strong>modo</strong></span> <span class='ocrx_word' id='word_1_186' title='bbox 1040 2883 1132 2952; x_wconf 88' lang='lat' dir='ltr'><strong>mter</strong></span> 
     </span>
     <span class='ocr_line' id='line_1_27' title="bbox 164 2902 1130 3072; baseline -0.004 -20"><span class='ocrx_word' id='word_1_187' title='bbox 164 2902 435 3060; x_wconf 58' lang='lat' dir='ltr'><strong>indiffinitam,</strong></span> <span class='ocrx_word' id='word_1_188' title='bbox 464 2991 505 3051; x_wconf 87' lang='lat' dir='ltr'><strong>ut</strong></span> <span class='ocrx_word' id='word_1_189' title='bbox 526 2997 618 3060; x_wconf 88' lang='lat' dir='ltr'><strong>unus</strong></span> <span class='ocrx_word' id='word_1_190' title='bbox 631 2971 852 3060; x_wconf 75' lang='lat' dir='ltr'><strong>vaticinium</strong></span> <span class='ocrx_word' id='word_1_191' title='bbox 864 2971 1016 3072; x_wconf 86' lang='lat' dir='ltr'><strong>aliquod</strong></span> <span class='ocrx_word' id='word_1_192' title='bbox 1042 2995 1130 3071; x_wconf 82' lang='lat' dir='ltr'><strong>prae-</strong></span> 
     </span>
     <span class='ocr_line' id='line_1_28' title="bbox 165 3065 1212 3166; baseline -0.008 -17"><span class='ocrx_word' id='word_1_193' title='bbox 165 3072 233 3149; x_wconf 91' lang='lat' dir='ltr'><strong>cise</strong></span> <span class='ocrx_word' id='word_1_194' title='bbox 250 3073 335 3148; x_wconf 89' lang='lat' dir='ltr'><strong>huic</strong></span> <span class='ocrx_word' id='word_1_195' title='bbox 349 3069 576 3154; x_wconf 52' lang='lat' dir='ltr'><strong>casuisalter</strong></span> <span class='ocrx_word' id='word_1_196' title='bbox 593 3069 692 3146; x_wconf 89' lang='lat' dir='ltr'><strong>alteri</strong></span> <span class='ocrx_word' id='word_1_197' title='bbox 713 3069 889 3166; x_wconf 60' lang='lat' dir='ltr'><strong>applicem</strong></span> <span class='ocrx_word' id='word_1_198' title='bbox 914 3073 950 3146; x_wconf 80' lang='lat' dir='ltr'><strong>u</strong></span> <span class='ocrx_word' id='word_1_199' title='bbox 966 3069 1050 3144; x_wconf 88' lang='lat' dir='ltr'><strong>licet</strong></span> <span class='ocrx_word' id='word_1_200' title='bbox 1064 3065 1133 3142; x_wconf 91' lang='lat' dir='ltr'><strong>dis-</strong></span> <span class='ocrx_word' id='word_1_201' title='bbox 1209 3073 1212 3086; x_wconf 75' lang='grc'><em>“</em></span> 
     </span>
    </p>
   </div>
   <div class='ocr_carea' id='block_1_13' title="bbox 11 3167 1133 3268">
    <p class='ocr_par' dir='ltr' id='par_1_15' title="bbox 11 3167 1133 3268">
     <span class='ocr_line' id='line_1_29' title="bbox 11 3167 1133 3268; baseline -0.006 -21"><span class='ocrx_word' id='word_1_202' title='bbox 11 3187 12 3200; x_wconf 74' lang='grc'>’</span> <span class='ocrx_word' id='word_1_203' title='bbox 122 3237 129 3256; x_wconf 78' lang='lat'><em>,</em></span> <span class='ocrx_word' id='word_1_204' title='bbox 165 3169 344 3253; x_wconf 87' lang='lat' dir='ltr'><strong>sentiant,</strong></span> <span class='ocrx_word' id='word_1_205' title='bbox 371 3167 473 3256; x_wconf 82' lang='lat' dir='ltr'><strong>sacile</strong></span> <span class='ocrx_word' id='word_1_206' title='bbox 494 3182 614 3243; x_wconf 90' lang='lat' dir='ltr'><strong>tamen</strong></span> <span class='ocrx_word' id='word_1_207' title='bbox 634 3168 960 3268; x_wconf 75' lang='lat' dir='ltr'><strong>conciliariqucal,</strong></span> <span class='ocrx_word' id='word_1_208' title='bbox 993 3179 1133 3242; x_wconf 78' lang='lat' dir='ltr'><strong>utrum·</strong></span> 
     </span>
    </p>
   </div>
   <div class='ocr_carea' id='block_1_14' title="bbox 166 3261 731 3361">
    <p class='ocr_par' dir='ltr' id='par_1_16' title="bbox 166 3261 731 3361">
     <span class='ocr_line' id='line_1_30' title="bbox 166 3261 731 3361; baseline -0.007 -17"><span class='ocrx_word' id='word_1_209' title='bbox 166 3289 240 3358; x_wconf 80' lang='lat' dir='ltr'><strong>que</strong></span> <span class='ocrx_word' id='word_1_210' title='bbox 259 3268 356 3356; x_wconf 85' lang='lat' dir='ltr'><strong>enim</strong></span> <span class='ocrx_word' id='word_1_211' title='bbox 370 3287 498 3352; x_wconf 77' lang='lat' dir='ltr'><strong>uerum</strong></span> <span class='ocrx_word' id='word_1_212' title='bbox 520 3261 589 3341; x_wconf 89' lang='lat' dir='ltr'><strong>esse</strong></span> <span class='ocrx_word' id='word_1_213' title='bbox 606 3266 731 3361; x_wconf 83' lang='lat' dir='ltr'><strong>potest.</strong></span> 
     </span>
    </p>
   </div>
   <div class='ocr_carea' id='block_1_15' title="bbox 167 3407 1162 3714">
    <p class='ocr_par' dir='ltr' id='par_1_17' title="bbox 167 3407 1162 3714">
     <span class='ocr_line' id='line_1_31' title="bbox 512 3407 1162 3500; baseline -0.038 1"><span class='ocrx_word' id='word_1_214' title='bbox 512 3415 545 3500; x_wconf 68' lang='lat' dir='ltr'><strong>s·</strong></span> <span class='ocrx_word' id='word_1_215' title='bbox 574 3407 775 3490; x_wconf 85' lang='lat' dir='ltr'><strong>CCCXVI.</strong></span> <span class='ocrx_word' id='word_1_216' title='bbox 884 3480 890 3486; x_wconf 88' lang='lat'><em>.</em></span> <span class='ocrx_word' id='word_1_217' title='bbox 1161 3491 1162 3498; x_wconf 11' lang='grc' dir='ltr'><strong><em>Ν</em></strong></span> 
     </span>
     <span class='ocr_line' id='line_1_32' title="bbox 183 3515 1140 3622; baseline -0.017 -16"><span class='ocrx_word' id='word_1_218' title='bbox 183 3517 196 3594; x_wconf 66' lang='lat' dir='ltr'><em>ss</em></span> <span class='ocrx_word' id='word_1_219' title='bbox 246 3523 299 3613; x_wconf 82' lang='lat'><strong>3·)</strong></span> <span class='ocrx_word' id='word_1_220' title='bbox 323 3515 403 3596; x_wconf 76' lang='lat' dir='ltr'><strong>Nec</strong></span> <span class='ocrx_word' id='word_1_221' title='bbox 420 3519 495 3622; x_wconf 74' lang='lat' dir='ltr'><strong>huc</strong></span> <span class='ocrx_word' id='word_1_222' title='bbox 507 3519 771 3607; x_wconf 86' lang='lat' dir='ltr'><strong>omittendum,</strong></span> <span class='ocrx_word' id='word_1_223' title='bbox 798 3518 899 3618; x_wconf 88' lang='lat' dir='ltr'><strong>quod</strong></span> <span class='ocrx_word' id='word_1_224' title='bbox 915 3518 1140 3615; x_wconf 71' lang='lat' dir='ltr'><strong>MuniusSpi-</strong></span> 
     </span>
     <span class='ocr_line' id='line_1_33' title="bbox 167 3612 1159 3714; baseline -0.009 -21"><span class='ocrx_word' id='word_1_225' title='bbox 167 3617 290 3692; x_wconf 75' lang='lat' dir='ltr'><strong>ricuniri</strong></span> <span class='ocrx_word' id='word_1_226' title='bbox 309 3613 378 3692; x_wconf 84' lang='lat' dir='ltr'><strong>five</strong></span> <span class='ocrx_word' id='word_1_227' title='bbox 394 3626 516 3694; x_wconf 76' lang='lat' dir='ltr'><strong>‘civitas</strong></span> <span class='ocrx_word' id='word_1_228' title='bbox 540 3627 626 3705; x_wconf 85' lang='lat' dir='ltr'><strong>Dei,</strong></span> <span class='ocrx_word' id='word_1_229' title='bbox 651 3640 706 3692; x_wconf 86' lang='lat' dir='ltr'><strong>res</strong></span> <span class='ocrx_word' id='word_1_230' title='bbox 725 3623 890 3693; x_wconf 90' lang='lat' dir='ltr'><strong>omnium</strong></span> <span class='ocrx_word' id='word_1_231' title='bbox 910 3635 1064 3714; x_wconf 87' lang='lat' dir='ltr'><strong>operum</strong></span> <span class='ocrx_word' id='word_1_232' title='bbox 1084 3612 1140 3686; x_wconf 87' lang='lat' dir='ltr'><strong>di·</strong></span> <span class='ocrx_word' id='word_1_233' title='bbox 1158 3653 1159 3656; x_wconf 17' lang='grc' dir='ltr'><strong><em>κ</em></strong></span> 
     </span>
    </p>
   </div>
   <div class='ocr_carea' id='block_1_16' title="bbox 168 3708 1139 3905">
    <p class='ocr_par' dir='ltr' id='par_1_18' title="bbox 168 3708 1139 3905">
     <span class='ocr_line' id='line_1_34' title="bbox 168 3708 1139 3886; baseline 0.001 -100"><span class='ocrx_word' id='word_1_234' title='bbox 168 3711 337 3804; x_wconf 81' lang='lat' dir='ltr'><strong>uiuorum</strong></span> <span class='ocrx_word' id='word_1_235' title='bbox 352 3715 605 3813; x_wconf 84' lang='lat' dir='ltr'><strong>pulcherrima,</strong></span> <span class='ocrx_word' id='word_1_236' title='bbox 617 3715 719 3886; x_wconf 56' lang='lat' dir='ltr'><strong>{uas</strong></span> <span class='ocrx_word' id='word_1_237' title='bbox 729 3714 978 3816; x_wconf 83' lang='lat' dir='ltr'><strong>habeatpanes</strong></span> <span class='ocrx_word' id='word_1_238' title='bbox 986 3737 999 3809; x_wconf 86' lang='lat'>3</span> <span class='ocrx_word' id='word_1_239' title='bbox 1027 3708 1139 3883; x_wconf 57' lang='lat' dir='ltr'><strong>ligg-</strong></span> 
     </span>
     <span class='ocr_line' id='line_1_35' title="bbox 441 3831 1139 3905; baseline -0.019 -9"><span class='ocrx_word' id='word_1_240' title='bbox 441 3889 443 3896; x_wconf 81' lang='grc'>,</span> <span class='ocrx_word' id='word_1_241' title='bbox 548 3876 551 3884; x_wconf 79' lang='lat'>.</span> <span class='ocrx_word' id='word_1_242' title='bbox 661 3835 718 3886; x_wconf 89' lang='lat' dir='ltr'><strong>zz</strong></span> <span class='ocrx_word' id='word_1_243' title='bbox 742 3833 767 3905; x_wconf 93' lang='lat'>4</span> <span class='ocrx_word' id='word_1_244' title='bbox 1121 3831 1139 3883; x_wconf 87' lang='lat' dir='ltr'><strong>s</strong></span> 
     </span>
    </p>
   </div>
   <div class='ocr_carea' id='block_1_17' title="bbox 0 0 1323 4446">
    <p class='ocr_par' dir='ltr' id='par_1_19' title="bbox 0 0 1323 4446">
     <span class='ocr_line' id='line_1_36' title="bbox 0 0 1323 4446; baseline 0 0"><span class='ocrx_word' id='word_1_245' title='bbox 0 0 1323 4446; x_wconf 95' lang='lat' dir='ltr'><strong> </strong></span> 
     </span>
    </p>
   </div>
  </div>
 </body>
</html>
