2596 4434
434 237 799 402 eumenem,

115 443 217 581 dita
232 496 299 580 est.
355 495 443 584 Nec
465 495 692 607 intelligunt
722 474 803 593 hit*
822 495 919 611 quid
936 495 1094 610 Religio

55 717 66 726 α
128 606 749 720 Naturalis,necquidRevelata
766 604 828 712 fit5
845 608 1095 697 Alitetenim
1243 671 1246 680 .

135 719 207 802 hic
231 719 482 826 judicarent,
515 719 543 802 fi
571 727 696 832 prima
728 716 853 806 solum
879 721 1096 832 Religionis

128 832 340 916 Elementa
356 833 459 917 redte
475 828 758 942 perspicerent,
785 857 870 942 quae
897 832 1097 918 clariffime

129 941 273 1026 ledioti
294 964 384 1028 ante
401 945 539 1026 oculos
558 940 774 1050 posuimus,
804 970 876 1025 nec
893 969 941 1026 ea
964 943 1029 1027 hic
1041 972 1098 1026 te·

129 1053 317 1162 petimus.
374 1053 637 1164 lgnoranthi,
668 1052 914 1164 Religionem
928 1057 1099 1140 Natura·

133 1165 218 1250 lem
249 1165 289 1247 in
309 1161 403 1251 se&
424 1168 590 1250 Ratione
605 1164 834 1278 obligationis
861 1163 938 1248 elle
959 1163 1101 1250 immu-

131 1275 327 1374 tabilem,
356 1276 451 1361 du'm
474 1303 524 1360 ex
545 1271 624 1386 ipsa
647 1279 848 1360 Creatutae
867 1275 1101 1362 rationalisl

134 1389 333 1470 Creatore
352 1387 696 1478 acConlervatore
714 1387 977 1496 dependentia
990 1393 1099 1485 fluat,

111 1559 115 1564 -
132 1522 180 1582 ut
207 1496 377 1610 obliget,
398 1500 491 1584 licet
510 1497 634 1580 homo
651 1523 737 1580 eam
755 1483 985 1597 observare,
1019 1526 1103 1610 pet·
1131 1492 1139 1512 “
1287 1579 1288 1586 n

135 1636 218 1722 que
233 1635 322 1692 eam
338 1605 478 1694 salvati
498 1607 538 1690 in
553 1604 629 1692 hnc
649 1609 913 1723 qomuptionis'
929 1609 1041 1708 statu,
1062 1610 1104 1694 in

8 1795 10 1822 ἱ
167 1747 221 1804 uo
237 1721 466 1805 constitutus
483 1721 560 1818 est,
588 1721 754 1831 amplius
783 1743 958 1833 nequeat.
1014 1724 1104 1814 Nec

136 1747 315 1944 denique
324 1831 367 1914 hi
388 1830 655 1941 perpendunt,
684 1828 839 1944 quodsi
858 1831 1105 1915 dicantlleli-

142 1943 306 2050 gionem¹
330 1942 562 2048 Naturalem
589 1940 732 2028 nullius
758 1968 860 2028 nunc
892 1945 976 2026 ulus
1006 1938 1105 2042 elie,

145 2051 247 2136 idem
265 2052 309 2136 s1t
328 2080 376 2137 ac
390 2050 419 2136 st
435 2055 578 2164 Legem
599 2053 789 2137 moralem
800 2053 992 2150 inutilem,
1004 2081 1107 2138 eam-

151 2188 224 2276 que
243 2164 346 2250 adeu
363 2161 481 2277 plane
496 2167 725 2274 abrogatam
758 2163 904 2252 dicant.

226 2352 270 2436 Si
294 2381 393 2440 vero
422 2350 549 2462 citati
583 2351 623 2434 in
652 2349 874 2448 nonnullis,
901 2351 1109 2436 imbecilli·
1206 2409 1216 2416 -

140 2471 214 2547 tati
232 2463 472 2572 idhumanae
489 2487 605 2572 atque
628 2463 795 2573 angustis
818 2464 1038 2585 Intelledlus
1063 2463 1113 2546 li·‘

144 2570 640 2672 mitibusadsctibendum.
726 2575 767 2658 Si
786 2573 899 2678 hujus
919 2575 985 2658 vel
1003 2574 1108 2658 illius

73 2773 76 2780 Δ
142 2685 334 2770 Veritatis
357 2685 398 2767 in
422 2683 500 2768 hoc
528 2683 632 2766 liuto
664 2707 857 2768 contenta
875 2685 1112 2770 demonstra·

10 2793 12 2836 l
140 2805 202 2881 tio
241 2818 314 2879 nec
343 2797 431 2879 latis
462 2793 649 2892 evidens,
678 2820 751 2880 nec
767 2796 867 2888 :satis
885 2795 1113 2882 methodica

141 2905 216 3004 fit,
244 2933 324 2989 non
350 2903 571 3012 solumboc
589 2901 1016 2992 meacculmtlnullam
1030 2935 1114 2989 mo·

141 3018 255 3101 vebo
272 3018 408 3113 litem,
436 3012 502 3100 sed
546 3016 816 3102 otiusunicum
840 3017 936 3115 hoc,
975 3015 1115 3103 Erudi·
1154 3086 1160 3098 .

143 3153 232 3213 tum
258 3129 461 3212 ledonem
490 3043 636 3209 oduino
651 3153 749 3239 rogo
783 3152 826 3212 ut
855 3126 939 3214 liin
958 3125 1117 3238 quibus-

143 3243 239 3326 dam
258 3241 453 3322 nonredte
476 3236 665 3322 Veritatis
693 3233 856 3322 caussam
877 3239 1045 3349 egerim.
1074 3235 1115 3322 id

143 3378 229 3436 non
249 3346 319 3460 ipfi
334 3349 481 3434 tribuat
500 3346 694 3446 Veritati‚
725 3349 834 3462 quod
854 3347 1118 3436 imbecillitati

148 3470 283 3573 potius
303 3485 399 3544 meae
428 3456 702 3546 tribuendum
733 3463 820 3544 Hac
849 3459 1118 3564 aliastatione

146 3570 352 3664 eveniret,
381 3570 490 3702 quod
510 3564 627 3666 absn,
665 3592 707 3652 ut
732 3571 950 3656 Intelledtus
972 3572 1050 3655 mei
1074 3570 1119 3652 li·

150 3693 267 3774 mitet
283 3704 400 3798 atque
417 3679 646 3796 ignorantia
663 3679 983 3792 divinaevmitm
1000 3679 1139 3765 deum

1013 3815 1121 3875 men·
