2594 4442
847 55 867 166 l

302 317 312 346 ⁸
359 319 549 436 Cap-Vll
579 319 822 418 Deorum.
968 343 1073 449 ι739

123 485 218 602 mure
245 511 365 590 Deum
384 513 570 590 hominem
588 513 693 590 talem
707 509 859 611 potuille
877 511 1076 609 producere

120 617 178 784 qui
190 613 344 708 potuerit
358 605 454 686 abuti
474 609 633 685 libertate.
645 611 727 696 lua,
749 611 784 685 ἃ
802 609 976 706 perillum
990 613 1076 686 abu·

135 732 194 807 um
212 707 343 781 malum
368 705 504 781 morale
526 709 772 790 committere,
804 705 967 802 adeoque
986 706 1075 781 labi-

121 801 202 878 lem:
228 801 344 892 Et(§.
368 813 450 892 796.
472 800 494 876 l.
515 808 572 896 c.)
599 803 699 899 quod
720 801 818 876 illum
842 800 942 877 Deus
966 804 1073 880 talem
1123 879 1125 884 ,

121 899 452 995 potueritcondere‚
480 901 580 992 cujus
596 898 765 990 perfectio
781 896 1019 974 elletlimitnta
1038 902 1074 973 &
1121 951 1122 959 a

122 1018 197 1069 curn
221 997 381 1093 potentia
405 996 575 1071 abutendi
598 997 758 1073 libertate
788 995 998 1090 conjuntla,
1032 994 1073 1070 fi-

121 1112 158 1168 ve
176 1090 391 1169 mutabiliter
407 1093 557 1169 bonum.

206 1333 273 1411 Per
302 1333 470 1410 hatlenus
491 1334 727 1410 demonstrata
755 1332 859 1408 etiarn
886 1335 980 1410 cadit
1005 1335 1078 1431 pri·

123 1454 214 1508 mum
235 1434 270 1506 &
315 1447 454 1506 uartum
474 1454 520 1504 ex
543 1429 609 1503 illis
621 1434 857 1524 argumentis,
884 1431 1078 1528 quaesupra'

122 1551 162 1602 ex
183 1453 377 1603 acutillqrmo
397 1524 557 1602 BAELlO
579 1526 780 1616 attolimus3
822 1549 866 1600 ex
890 1526 1074 1624 Principiis

124 1624 239 1699 nostris
250 1623 446 1698 fecundum
462 1625 566 1719 etiam
582 1645 665 1698 cunr
679 1626 786 1698 tertio
800 1621 901 1698 facile
910 1624 994 1699 solvi
1005 1647 1073 1720 po-

123 1720 206 1803 test,
227 1735 313 1817 ‘quae
333 1717 555 1810 difficultates
578 1722 613 1793 in
638 1719 710 1794 huc
729 1719 944 1804 consrstunt,
972 1719 1073 1818 quod

125 1831 272 1892 creatura
294 1816 456 1891 nondum
476 1816 626 1890 exiliens
650 1837 716 1892 ceu
740 1815 905 1890 facinoris
927 1817 1074 1908 alicujus

100 1911 288 1988 ¹commiffi
303 1911 612 2009 tonsore-reputari
633 1923 805 2008 nequeat,
828 1913 965 1986 nedum
982 1914 1074 1986 illiue
1109 1947 1113 1952 ·

30 2021 31 2088 ἶ
123 2007 225 2084 caolla
242 2011 381 2105 puniri3
407 2011 506 2104 quod
530 2026 649 2082 tamen
670 2005 853 2090 nostrum,
878 2005 922 2082 de
948 2031 1072 2104 pecea-

29 2173 30 2202 }
123 2118 158 2177 to
179 2101 356 2203 Originali
385 2107 532 2203 ejusque
557 2105 794 2202 imputatione
817 2103 953 2201 dogma
981 2105 1073 2182 clare

29 2237 30 2276 ;
124 2197 255 2286 doceat.

384 2363 385 2366 κ
471 2317 494 2405 §
531 2313 709 2394 CXXIX.

210 2434 255 2512 tlt
274 2433 493 2510 rationaliter
512 2431 536 2508 fi
555 2434 754 2532 explicetur
769 2433 883 2508 nostra
896 2432 1083 2510 uererer-⁴

127 2539 163 2602 to
179 2529 237 2606 illo
252 2531 419 2628 originali
437 2533 618 2616 dotirina,
642 2536 760 2605 omnis
774 2531 873 2604 lrmul
884 2531 1075 2628 dispalelcit'

125 2621 315 2704 difficultas.
365 2626 425 2703 De
443 2625 594 2703 Peccato
619 2651 747 2721 nempe
770 2627 990 2704 haereditario
1009 2629 1072 2704 illo

125 2718 193 2798 hac
211 2725 420 2816 docuimns3
448 2724 571 2798 statum
594 2741 782 2820 parentum
804 2720 870 2796 elle
892 2723 1072 2799 moraliter

124 2817 387 2913 inperfectum,
422 2842 467 2894 ex
495 2843 569 2918 quu
591 2819 769 2896 moraliter
789 2819 959 2916 perfertus
978 2818 1076 2918 sequi
1124 2861 1127 2872 ›

126 2932 299 3010 nequeat,
335 2937 417 2990 cum
446 2919 482 2990 in
504 2913 656 2991 caullato
681 2939 755 2990 non
778 2916 857 3010 plus
878 2915 944 2989 elle
966 2931 1074 3008 queat

127 3029 225 3102 quam
251 3009 449 3096 incaulla,
495 3013 591 3088 unde
616 3011 733 3122 qualis¹
755 3009 942 3086 Parentum
968 3013 1073 3088 [latus

126 3109 254 3182 ratione
293 3108 516 3204 perfet'lionis
553 3122 613 3183 aut
642 3107 916 3203 rnrperfetlionis
955 3121 1072 3183 mora·
1155 3128 1188 3210 f

124 3198 190 3288 lis,
223 3203 328 3280 talem
346 3207 451 3280 etiam
475 3201 698 3302 pollero'rum
724 3203 884 3278 sutorum
911 3209 969 3291 (ᾗ.
990 3215 1069 3290 851.

129 3293 207 3395 Cap.
221 3300 319 3392 lll.);
345 3324 389 3376 en
405 3299 816 3399 quibusconcludimur,
844 3298 977 3375 malum
992 3322 1083 3401 mo-¹

126 3393 190 3467 mle
207 3395 463 3481 haereditarium
486 3395 553 3470 else
575 3396 635 3483 (ὅ.
655 3401 732 3482 852.
757 3395 779 3466 l.
802 3400 879 3487 c.),
908 3396 1074 3492 imperfe-

127 3485 272 3568 ttionem
295 3493 389 3576 illam
405 3516 470 3592 per
488 3492 651 3582 effetlum
671 3491 864 3568 naturalem
887 3495 1076 3590 propagari

127 3581 180 3668 (l
200 3596 278 3678 853'.
299 3589 322 3663 l.
336 3594 412 3683 c.),
443 3613 558 3687 neque
574 3587 746 3664 infantem
763 3589 943 3664 moraliter
960 3589 1074 3685 perte.
1193 3651 1200 3668 .

126 3675 213 3757 tium
244 3683 495 3785 aparentibus
525 3684 707 3796 moraliter
738 3685 949 3782 imperfectis
974 3683 1075 3760 aliter

966 3801 1073 3879 quam
