2628 4442
186 361 268 460 876
402 345 490 463 Cap.
506 339 587 436 IX.
618 321 936 438 neutericum,

186 535 303 620 bomo
320 555 491 639 peccator
512 539 555 618 ad
576 540 690 640 ipsum
711 541 881 620 accedere
906 504 1059 636 audeat3
1087 526 1181 632 icil„

167 654 264 716 ‘nun
279 641 386 716 iratus
410 635 468 714 sed
487 639 654 737 placatur.
719 637 755 716 β.
785 637 900 738 Quod
913 652 1164 716 remunerator

186 733 230 814 lit
254 737 494 834 quaerentibus
524 736 637 832 iplurn
658 759 669 828 3
707 733 792 810 scire
817 751 958 822 auteur,
999 736 1100 832 quod
1123 736 1165 809 &

188 857 259 1006 uffa
281 835 419 910 ratione
435 850 681 910 remunerator
701 830 770 908 elle
788 848 920 932 queat,
953 829 1062 911 solius
1078 829 1166 908 fidei

188 953 210 1006 e
240 977 250 1006 .

525 1035 534 1076 ”
562 1071 595 1164 t.
628 1066 787 1154 cxxu.

273 1187 488 1289 Apostolum
507 1212 595 1266 vero
616 1189 771 1266 hicnon
793 1201 934 1288 tuntum
958 1181 1167 1264 evidentem

190 1283 392 1364 Existentiae
418 1289 546 1362 diviuae
570 1289 607 1364 ἃ
630 1287 897 1363 Attributorum
929 1287 1004 1380 ejus
1024 1282 1167 1383 persuu-

190 1383 327 1460 fionem
348 1383 570 1482 intelligere,
609 1382 712 1460 facile
732 1398 831 1483 patet
852 1405 896 1459 ex
921 1383 986 1458 illo
1007 1379 1091 1457 fidei
1110 1379 1165 1456 ef-

187 1479 308 1568 feiiu,
336 1502 445 1577 quem
464 1478 595 1576 alleget
613 1479 714 1558 versu
742 1501 776 1571 4
797 1479 843 1554 de
857 1478 1056 1556 differentia
1069 1479 1167 1554 inter

191 1575 349 1653 Caini&
370 1575 492 1653 Abelis
516 1573 744 1664 sucrificium,¹
771 1599 928 1664 quorum
947 1597 1060 1652 unum
1078 1573 1167 1652 Deo

191 1690 356 1772 gratum,
383 1672 535 1750 alterum
562 1679 745 1771 ingratum
763 1671 858 1748 fuit:
891 1673 945 1749 An
967 1694 1053 1747 vero
1077 1675 1168 1768 pro-

160 1851 162 1855 ,
190 1768 308 1846 babile
330 1769 402 1855 eli,
430 1770 634 1847 evidentem
650 1785 790 1846 tanturn
812 1767 1013 1853 Exillentiae
1033 1769 1167 1843 divinae

151 1889 167 1904 ¹
191 1869 229 1944 δι
245 1869 512 1944 Attributorum
534 1869 609 1960 ejus
656 1866 909 1949 ersuasronem
937 1887 1085 1940 omnem
1107 1866 1167 1938 ina

191 1977 245 2040 ter
264 1963 424 2042 duorum
451 1890 653 2042 Fratrumd

194 2155 386 2238 Existentie
402 2160 552 2255 ejusque
566 2159 753 2234 Attributis
771 2155 845 2233 nun
867 2154 1066 2254 persuasum
1078 2151 1166 2228 luis·

191 2253 250 2332 se?
290 2254 326 2330 st
359 2278 435 2330 nou
464 2254 626 2342 credidit,
646 2253 768 2332 Deum
796 2251 944 2328 infinitis
972 2250 1166 2330 Attributis
1310 2315 1311 2328 r

117 2408 120 2414 .
223 2350 384 2428 ruditum
404 2351 574 2436 existere,
601 2375 711 2448 quare
731 2349 795 2449 iplr
813 2347 1032 2429 Sacrificium
1053 2348 1167 2424 obtu-

191 2374 233 2522 dt
260 2450 294 2524 dt
319 2470 382 2544 per
412 2447 448 2524 id
478 2447 618 2524 cultum
649 2439 846 2526 exhibuit?
886 2445 1047 2543 Oportet
1070 2465 1165 2542 ergo

193 2543 292 2620 aliud
313 2541 399 2639 quid
426 2560 553 2642 preter
574 2545 776 2623 evidentem
799 2541 871 2622 Dei
896 2545 1084 2628 notitiam,
1118 2539 1167 2620 ad

195 2639 303 2717 iidem
317 2643 530 2736 requiratur.
581 2640 692 2722 Unde
707 2655 805 2742 patet
821 2640 894 2717 boc
906 2654 1166 2739 argumentum

191 2739 237 2910 Ed
263 2739 407 2814 Autorit
430 2737 920 2840 definitionem-probandum
940 2737 1047 2838 plane
1069 2733 1164 2812 uilril

203 2856 318 2919 erre.

208 3181 211 3194 ,
241 3123 244 3131 ’
270 2971 1165 3206 Magnnpereaudmcnddddbottuslnonymus

192 3204 229 3278 in
254 3203 506 3302 sequentibus,
535 3228 580 3278 ne
602 3205 726 3298 rejeda
753 3203 829 3299 ejus
850 3201 1061 3280 definitione
1079 3225 1164 3278 our.

154 3351 158 3362 -
190 3303 245 3372 nis
269 3303 302 3373 in
324 3291 393 3374 fide
414 3303 589 3376 evidentia
608 3300 847 3396 excludatur,
874 3284 982 3376 &nil
999 3295 1062 3376 uili
1083 3321 1163 3390 εοε-

178 3417 253 3472 'cut
274 3395 431 3474 bominis
451 3398 600 3486 alienius
614 3391 824 3495 postuletur.

551 3543 585 3632 b.
614 3540 793 3622 CXXlVr

264 3654 411 3734 Fallitur
433 3681 544 3746 vero,
572 3651 659 3738 dum
678 3663 823 3744 evidens
838 3661 968 3761 objetti
986 3657 1163 3762 perfundo

188 3749 332 3867 itlnullo
351 3755 629 3856 Theolugorunr
653 3757 927 3838 Protellantiunr
953 3784 1112 3862 unquam
1141 3761 1164 3838 ὲ

1086 3855 1162 3936 fide

652 1962 802 2040 artificia
820 1959 1037 2039 constituille
1058 1959 1167 2036 diffe·
1309 1965 1310 1968 ’

190 2061 372 2142 rentiam?
407 2065 509 2138 Anne
531 2061 719 2159 probabile
740 2061 809 2146 est,
837 2057 990 2161 Caluum
1014 2058 1059 2132 de
1088 2054 1164 2132 Dei
