2628 4442
276 359 280 382 ¹
364 357 454 464 Cap·
468 359 526 453 X.
556 359 621 447 De
639 353 909 448 Mluraiismuss
1026 389 1104 467 903

145 549 337 634 Naturalis,
366 554 470 627 etiam
485 545 650 629 Revelato
663 553 940 650 superveniente,
969 565 1109 629 maneat

145 648 398 734 immutabilis,
427 650 526 746 quod
545 647 863 744 ReligioRevelata
879 643 971 724 illius
992 651 1107 746 perfe-

146 743 256 818 diioni
272 744 361 818 nihil
379 745 503 832 addat,
531 769 599 822 nec
611 750 715 823 etiam
733 747 864 843 aliquid
879 746 1017 842 demat,
1042 771 1105 821 ne·

146 842 234 914 dum
254 841 350 916 illam
368 843 542 940 abroget3
587 840 643 916 sed
668 846 788 940 potius
809 867 885 917 eam
906 841 1102 938 supponat

143 935 201 1011 led
222 939 322 1032 quod
352 935 501 1034 Religio
522 937 698 1014 Naturalis
726 940 862 1042 semper
884 941 1008 1014 eadem
1030 963 1104 1014 ma-

143 1051 232 1106 neat.
284 1033 457 1110 Distintte
478 1039 583 1112 etiam
599 1038 735 1132 exponi
749 1037 889 1134 potest,
915 1034 1014 1131 quod
1032 1034 1103 1110 Re·
1211 1087 1215 1094 „

142 1129 254 1204 velata
280 1128 424 1226 Religio
454 1155 529 1207 non
562 1134 678 1211 minus
703 1155 745 1207 ac
768 1131 944 1211 Naturalis
966 1133 1002 1204 in
1031 1133 1102 1228 ipla

136 1223 601 1399 fiiffihm‘inss-Nm‘a'
629 1243 826 1328 mutuaque
839 1227 1010 1323 relatione
1020 1227 1101 1316 fun·

496 1564 501 1571 ,
526 1469 559 1560 i.
583 1449 705 1550 lel'.

101 1597 104 1606 ’
236 1613 616 1692 Observatlnimirum
635 1619 857 1714 Argumenta
871 1614 1099 1724 Naturalista-

138 1733 219 1786 rum
243 1711 401 1788 Achillea
422 1717 544 1788 omnia
562 1737 608 1788 ex
624 1712 707 1789 nno
727 1715 772 1788 de
790 1737 878 1788 verae
900 1711 1097 1809 Religionia
1139 1727 1141 1732 ·

135 1806 478 1885 Revelatae'uotione
494 1810 685 1908 Conceptu
700 1803 957 1894 desomnem,
975 1810 1100 1888 &hue

134 1907 272 1979 redire:
315 1903 545 2002 Religionem
574 1905 791 1981 Naturalem‘
806 1903 873 1980 elle
892 1908 1096 1982 immutabi-

133 2001 228 2086 lem,
264 2001 358 2078 illain
385 2003 522 2100 Legem
549 1999 833 2098 perfeitillnnam'
853 1999 1091 2098 praesctibere,
1141 2055 1145 2065 ·

134 2121 215 2194 quae
232 2100 268 2174 in
285 2097 410 2174 melius
429 2103 558 2190 mutati
576 2101 724 2176 minime
737 2097 859 2196 pollit,
885 2098 964 2174 talia
981 2114 1093 2197 eaque
1121 2119 1127 2160 u

133 2197 256 2268 omnia
268 2194 488 2292 prescribere
499 2193 693 2294 praecepta,
707 2211 791 2294 que
805 2195 842 2270 in
857 2194 926 2291 ipsa
941 2193 1012 2290 Dei
1025 2195 1092 2269 ho·

130 2293 311 2388 minisque
336 2291 471 2368 Natura
497 2293 722 2378 fundentem
759 2293 921 2388 adeoque
951 2289 1090 2364 homiui

132 2391 291 2462 maxime
308 2387 495 2466 essentialia
515 2387 600 2474 lant,
631 2391 801 2464 &omnia
815 2390 858 2462 ad
878 2387 969 2461 illius
991 2385 1090 2462 Salu-

22 2569 25 2580 .
132 2501 205 2557 tem
220 2485 380 2570 tendant,
403 2487 559 2583 indeque
571 2485 727 2564 inferunt
740 2483 802 2582 ipsi
817 2482 903 2558 nihil
914 2483 995 2557 addi
1007 2484 1089 2580 pos·

131 2579 184 2666 se,
210 2577 439 2682 Religionem
454 2580 659 2658 Revelatam
678 2573 868 2728 propterea}
881 2579 996 2712 falsam
1009 2578 1088 2656 elle.

493 2776 542 2866 'R
571 2775 711 2859 XVlll.

228 2913 589 3020 IpllusTlNDALll,
607 2920 895 2998 Naturaliliatum
909 2919 1089 3018 Principis,

126 3017 397 3110 Demonstratio
416 3023 554 3102 omnis,
591 3019 690 3116 quod
712 3017 995 3096 christianismus
1016 3037 1088 3092 tam

127 3113 306 3212 Antiquos
319 3115 359 3189 fit
373 3115 497 3211 acipse
509 3115 688 3206 Mundus,
710 3115 781 3190 huc
792 3113 901 3198 redit,
921 3114 1086 3189 utosten-

127 3215 213 3294 dat,
236 3215 419 3288 veritatem
441 3215 515 3304 eius
539 3215 636 3308 quod
655 3213 700 3287 de
720 3205 911 3306 Religione
925 3203 1087 3286 Naturali

124 3309 351 3404 praecedente
377 3311 599 3406 paragrapho
620 3309 792 3390 diximus,
820 3307 973 3404 indeque
997 3327 1085 3380 con·

123 3399 255 3489 cludit,
278 3427 457 3482 ,novatum
469 3403 694 3502 Dogmatum
711 3404 964 3480 revelationem
981 3402 1086 3500 plane

94 3537 95 3547 κ
123 3500 303 3584 inutilem,
328 3503 402 3575 imo
416 3500 544 3586 fallam,
564 3499 719 3598 Deoque
732 3502 915 3595 indignam
927 3495 1004 3582 elle,
1025 3521 1087 3574 ne-

125 3617 198 3690 que
209 3619 247 3670 ea
262 3593 379 3671 officia
390 3601 425 3670 in
437 3597 469 3673 8.
481 3596 624 3673 Litteris
636 3616 802 3674 contenta
813 3597 882 3670 alio
897 3594 992 3670 sensu
1006 3618 1086 3672 vera

125 3687 215 3778 elle,
243 3715 351 3794 quam
367 3701 446 3793 quia
462 3691 607 3802 Religio
622 3693 798 3774 Naturale
811 3719 849 3771 ea
865 3695 1035 3792 praecipit.

862 3937 872 3948 -
982 3885 1086 3968 Setu-
