2596 4434
379 343 380 352 ¹
461 307 853 404 'PRAEFAYIQ

151 510 266 585 tione
282 494 410 584 fuisset
427 492 694 598 tatiocinatuS,
722 498 749 584 st
769 527 904 586 veram
921 499 1124 588 Revtiatae

38 675 42 683 «
150 612 374 722 Religionis
404 636 603 710 naturam,
632 609 761 709 usum,
789 636 907 726 atque
931 641 1018 697 cum
1036 617 1120 698 Na-

148 725 269 807 turali
289 723 550 821 harmoniam,
577 722 834 834 &utriusque
851 723 1115 811 differentiam

148 833 428 944 perspexissem
458 832 553 918 fiad
580 842 701 944 prima
723 834 924 947 utriusque
945 838 1121 921 elemen-

147 971 191 1030 ta
219 940 454 1034 attendiiiet.
528 943 780 1056 Disputando
797 946 916 1057 igitur
942 949 1124 1033 cumhoc

148 1055 421 1152 Adversatio‘‚
445 1078 536 1142 ante
561 1057 696 1141 omnia
714 1058 982 1149 concedimus,
1010 1057 1122 1174 quod

148 1166 1121 1278 argumentumipfiuttitchilieumconstituittRe·

150 1279 344 1389 ligionem
364 1278 548 1360 nimitum
566 1279 784 1368 naturalem
813 1279 867 1363 ita
896 1277 971 1365 effe
991 1278 1123 1390 perfe-

151 1394 278 1497 etum,
307 1412 350 1473 ut
369 1386 438 1498 ipsi
456 1390 572 1492 plane
589 1389 688 1471 nihil
709 1395 786 1496 ejus
803 1387 916 1479 defita
948 1391 1056 1504 quod
1068 1389 1120 1474 ad

147 1499 267 1608 ipstus
286 1525 462 1583 naturam
480 1504 521 1582 δι
542 1499 737 1606 essentiam
762 1501 955 1612 pertinet,
985 1526 1029 1588 ut
1048 1501 1123 1583 im·
1147 1539 1151 1547 ·

149 1609 331 1722 possibile
350 1613 467 1720 piane
485 1607 531 1692 fit
553 1609 827 1720 perfeetiotem
847 1611 954 1695 iliam
980 1612 1117 1712 reddi,

148 1746 424 1835 preceptatque
454 1720 556 1804 illiue
600 1722 832 1831 perfeetiota
874 1721 959 1804 fieri
1001 1748 1120 1835 atque

148 1832 358 1943 ampliora,
413 1833 679 1920 Concedimus
698 1832 797 1922 nihil
809 1833 1027 1944 Religionis
1048 1859 1121 1916 ve·
1193 1937 1195 1944 Ι

149 1970 201 2030 rte
219 1967 378 2052 pattena
409 1943 641 2028 constituere
669 1940 805 2052 poss'e,
836 1944 944 2056 quod
975 1936 1123 2030 nonin
1235 1969 1237 1976 ’

157 2053 235 2161 ipsa
259 2055 340 2149 Dei
360 2053 607 2168 hominisque
620 2051 794 2154 essentia,
824 2079 1031 2168 rerumque
1055 2081 1123 2138 na-

162 2179 316 2250 turaac
343 2166 622 2250 convenientia
649 2166 854 2253 fundatum
878 2167 937 2254 est.
1006 2163 1124 2252 Affir-

153 2301 302 2388 mamus
319 2301 463 2386 porro,
494 2278 725 2370 Naturaiem
753 2276 998 2387 Religionem
1025 2275 1122 2372 talia

180 2383 400 2475 taesctibete
418 2413 624 2498 precepta,
652 2413 736 2500 quat
758 2387 851 2474 dum
873 2415 919 2469 ex
939 2383 1017 2495 ipsa
1039 2385 1120 2474 Dei

148 2413 405 2629 dominisque
428 2522 565 2604 natura
587 2503 734 2595 fluunt,
751 2523 832 2580 non
851 2493 1004 2608 poffunt
1037 2523 1122 2598 non
1147 2519 1158 2558 ·‘

148 2606 289 2690 omnia
305 2634 422 2696 ettam
449 2609 501 2694 ad
520 2610 652 2692 Deum
682 2607 929 2720 hominisque
946 2609 1121 2696 Salutem
1214 2677 1218 2686 .

145 2718 315 2802 tendere
327 2742 342 2824 ς
355 2711 567 2835 ‘quidquid
585 2727 687 2805 'enim
704 2746 754 2808 ex
770 2721 864 2804 Deo
885 2719 1009 2812 omnis
1031 2745 1119 2830 per·

143 2827 333 2920 fectionis
342 2857 388 2915 ac
407 2829 596 2917 bonitatis
614 2826 726 2914 fonte
744 2829 853 2928 fluit,
868 2823 963 2914 ‘non
990 2829 1119 2939 potest

145 2967 234 3042 uon
269 2939 385 3022 etiam
421 2942 473 3034 ad
497 2941 676 3024 ultimum
718 2939 892 3023 omnium
919 2966 1044 3027 terum
1073 2935 1119 3026 fi·

144 3079 277 3150 nem,
305 3049 444 3149 idest,
473 3051 650 3136 divinam
677 3050 880 3144 Gloriam,
907 3053 1119 3138 Creatuta·

145 3189 318 3274 rumque
332 3158 490 3246 salutem
509 3162 685 3246 tendere.
742 3165 884 3273 Neque
900 3160 1116 3273 quidquam

143 3282 187 3360 in
212 3272 422 3390 Reiigione
440 3272 596 3357 admitti
629 3271 780 3368 debet„
803 3269 912 3384 quod
936 3299 1023 3354 cum
1042 3270 1120 3358 fine

146 3385 234 3470 hoc
259 3379 469 3468 universali
487 3383 747 3494 omnibusque
774 3381 920 3468 divinis
939 3383 1119 3468 Atttibu·

146 3503 215 3592 tit,
235 3522 306 3581 ceu
325 3495 497 3604 generali
512 3495 771 3606 omnibusque
782 3483 926 3582 divinis
940 3493 1121 3578 Atttibu«
1152 3527 1154 3540 ¹

145 3607 200 3688 tis
212 3665 228 3705 ‚
257 3633 328 3690 ceu
348 3606 520 3714 generali
537 3605 665 3691 omnis
682 3603 869 3709 Veritatis
893 3604 1118 3690 critetioat·
1202 3603 1205 3613 ’

146 3745 235 3832 que
267 3717 396 3826 ptimo
418 3716 615 3832 principio
640 3743 719 3799 non
738 3713 942 3816 consentit.
999 3719 1066 3905 Ετὴ
1080 3715 1121 3799 in

369 3877 411 3895 ·-
522 3899 524 3902 -
633 3829 711 3928 ba
803 3835 834 3897 ⁴
996 3841 1279 3921 noc*
