2596 4434
472 257 849 375 nummario,

135 566 140 575 .
200 499 203 503 ’
260 489 681 608 Respoufionesquidem
699 521 780 606 nou
805 496 970 596 multas,
1004 493 1137 584 sedra-

165 609 225 693 les
245 609 424 694 dedimus
442 633 527 720 quae
549 601 669 717 ipsam
691 601 928 692 difficultatis
957 601 1024 693 v'el
1045 637 1137 720 corg-

165 718 363 806 ttoveriiae
388 719 552 828 primum
587 717 780 828 originem
812 717 997 804 indicant.
1015 739 1028 768 ³
1085 725 1137 806 Et

48 895 75 911 ,
106 829 124 856 ’
165 859 256 917 cum
276 857 411 914 omues
431 825 676 913 difficultates
693 826 1136 946 indenascautur‚qu0d

166 942 320 1055 aliquid
344 937 502 1024 diverso
532 936 702 1050 respeiiu
725 939 789 1022 vel
811 967 948 1024 verum
970 941 1037 1024 vel
1064 936 1138 1029 fal-

149 1050 251 1136 ·sum
287 1050 351 1148 fir,
381 1051 459 1134 hoc
492 1051 685 1160 praecipue
720 1050 891 1162 egimus,
929 1076 973 1134 ut
1000 1079 1136 1139 veram

166 1163 459 1268 ostenderemus
478 1159 699 1260 rationemg
726 1189 846 1274 quare
875 1161 1137 1250 contradictio

168 1273 302 1388 'aliqua
324 1272 381 1355 rei
397 1267 514 1355 incise
530 1269 732 1368 videatur,
762 1297 805 1355 ut
820 1274 922 1357 adeo
936 1273 992 1356 ‘ad
1010 1273 1137 1384 primu

98 1405 111 1432 ·
168 1382 239 1470 suo
270 1381 576 1470 controverfiam
615 1379 887 1476 reduceremus
928 1379 1155 1496 principia(

167 1497 230 1580 Ita
256 1519 387 1579 autem
400 1493 695 1578 inadducendis
714 1489 778 1582 Ad
785 1495 1037 1581 versariomm
1056 1493 1135 1580 dif-

164 1605 405 1692 ficultatibus
425 1605 567 1690 versati
590 1604 735 1701 sumus,
764 1629 806 1689 ut
825 1634 897 1690 nec
918 1607 1135 1720 quidquam

163 1689 436 1803 reticuerimu's
460 1773 474 1814 ‚
501 1716 623 1845 *quod
656 1717 707 1802 ad
751 1717 970 1826 argumenti
1014 1721 1136 1802 robur

78 1881 82 1888 ·
165 1827 336 1940 spenare
353 1827 469 1910 nobis
492 1826 728 1930 videbaturr
767 1857 838 1914 nec
856 1827 981 1912 ullam
1014 1831 1135 1914 etiam

89 2031 92 2036 .
166 1939 327 2044 majoris
352 1963 510 2024 momen
531 1938 830 2046 i=„obje6iionem
852 1938 1138 2048 pretermiseri·
1176 1962 1189 1976 “

169 2077 280 2145 mus,
310 2075 355 2134 ut
379 2049 418 2130 in
440 1963 623 2136 omiibus
648 2079 735 2132 cum
759 2047 1003 2148 Adversariis
1026 2049 1135 2136 bona

174 2162 360 2270 egerimus
385 2155 477 2246 fide.
535 2159 745 2266 Quae‘vero
771 2162 810 2244 in
832 2188 975 2272 genere
994 2160 1058 2244 hie
1084 2161 1136 2246 de

166 2272 314 2468 gapir}
341 2272 410 2354 Vl.
449 2274 702 2370 monuimus,
735 2271 786 2360 de
813 2271 975 2384 reliquis
1016 2281 1136 2358 etiam

197 2391 273 2468 ina
306 2407 417 2472 uoto·

235 2569 463 2658 Nonnulla·
500 2570 553 2658 ad
604 2569 802 2660 CAPUT
850 2567 1132 2676 DECIMUM

166 2683 299 2770 adhuc
322 2679 567 2769 observanda
590 2679 685 2771 sunt.
752 2683 865 2787 Cum·
890 2679 941 2767 de
960 2671 1136 2764 Naiura·

161 2793 266 2878 lismo
287 2794 343 2876 ibi
369 2821 427 2878 res
448 2792 512 2892 fit,
532 2820 668 2907 praeter
687 2794 854 2880 aliorum
872 2794 1128 2900 objeiiiones²

162 2906 656 3006 unumunurn,
713 2905 867 3020 inflgnis
909 2903 1127 3016 Religionis
1233 3001 1238 3006 ι

164 3015 398 3121 Christianae
456 3015 594 3117 hostis,
624 3015 810 3102 soluimus
851 3015 995 3110 dubim
1026 3013 1131 3122 'cum

165 3124 254 3238 lpse
270 3131 371 3211 inter
388 3127 659 3215 Revelationis
672 3126 931 3212 Adversarios
940 3125 1056 3238 primi
1070 3119 1135 3208 or·

166 3240 273 3324 dinis
299 3239 418 3324 hodie
445 3265 642 3350 ponatur,
668 3265 797 3349 operoe
823 3239 990 3350 pretium
1016 3233 1129 3322 duxi·

163 3378 275 3448 mus,
303 3345 518 3436 accuratius
543 3347 659 3462 'ipfius'
684 3349 908 3460 ponderare
926 3345 1131 3464 argumeu'f'

165 3486 232 3558 ta,
259 3467 299 3547 δι
319 3485 447 3546 totum
466 3461 677 3562 Ratiociuii
701 3460 984 3546 illiusuervum
997 3459 1130 3564 abini-

168 3573 232 3659 tio
260 3571 479 3768 Kraecidere.
538 3577 736 3686 lmegrum
764 3599 865 3658 vero
883 3563 984 3656 iilius
1011 3573 1134 3682 Syste·

164 3712 233 3773 ma
291 3711 339 3774 uc
360 3683 509 3772 tendit:
540 3710 584 3772 ut
598 3687 765 3800 probet,
795 3684 1042 3798 Re'Hgionem
1056 3687 1136 3767 Na·

268 3825 275 3838 ’
466 3865 468 3873 .
625 3797 653 3884 b
679 3824 707 3891 2
1036 3817 1136 3880 tura·
