2576 4444
364 333 453 446 *Cap
468 327 544 422 Vs.
558 317 562 328 ’
575 329 645 416 De
660 325 867 420 Atheismn.
1009 359 1092 442 705

5 533 6 540 ‘
125 511 275 604 transire
297 519 493 624 potuissem
527 523 610 599 'cum
633 524 729 598 enim
749 519 912 600 sexcenta
931 525 1094 600 viromm

129 623 241 698 millia
262 622 417 706 suerint,
450 621 602 696 dubitari
633 621 787 716 nequit,
820 641 896 696 non
914 624 1093 696 minorem

131 724 240 794 etiam
261 717 449 793 mulierum
465 715 564 792 soille
584 737 801 806 numerum3
827 717 862 789 di
883 715 1016 794 sthisce
1038 719 1094 790 in-

130 815 246 889 fantes
259 815 447 896 addamus,
474 816 612 908 integer
629 833 798 887 numerus
816 809 934 888 saltem
953 812 1094 888 adduas

132 910 511 1000 millinnesexcrescit;
536 907 1095 1006 quotautemhoraereqoireren-

133 1022 215 1090 tur,
238 1007 259 1081 st
276 1010 452 1082 exercitus
467 1022 605 1080 rantum
616 1019 761 1078 centum
778 1004 929 1082 millium
941 1004 1095 1079 militum

134 1106 298 1193 trajicere
317 1100 511 1178 debuisset?
538 1101 725 1193 Quantum
746 1122 833 1194 ergo
846 1103 1018 1198 temporis
1033 1123 1096 1173 ne·

134 1199 269 1275 celsum
288 1199 356 1284 est,
383 1197 526 1273 liricies
543 1212 688 1272 centum
706 1195 803 1272 mille
815 1196 980 1272 homines
995 1198 1098 1288 traje-

98 1369 106 1390 ,
133 1312 291 1386 cerunt3
324 1318 403 1393 quae
426 1295 581 1388 trajesiio
604 1292 628 1366 st
647 1291 741 1372 aestui
761 1294 910 1370 naturali
926 1293 1098 1374 adscriba-

135 1403 215 1482 tut,
248 1387 434 1468 difficultas
448 1391 523 1468 haec
535 1391 631 1508 nulla
651 1391 788 1466 rarione
801 1388 889 1492 solvi
904 1390 1056 1492 poterit

530 1543 564 1628 a.
590 1495 740 1618 cutis

673 1640 676 1650 t

211 1654 404 1756 legislatio
428 1679 514 1733 vero
547 1651 808 1753 apparaturam
834 1655 970 1731 solenni
992 1665 1100 1754 atquc

138 1754 298 1830 terrifico
318 1754 404 1832 fana
427 1754 517 1838 suit,
545 1768 585 1829 ut
605 1754 738 1827 nemini
756 1753 977 1849 praesentium
995 1754 1100 1831 dubi·
1132 1779 1135 1786 ·

138 1873 204 1926 um
228 1848 296 1925 esse
312 1854 493 1947 potuerit,
522 1849 682 1946 seipsam
710 1846 778 1925 Dei
803 1847 938 1924 Vocem
957 1851 1099 1936 audire,

138 1948 176 2021 dt
195 1950 316 2022 omnia
333 1971 429 2022 mere
444 1944 716 2042 supernaturalia
736 1942 823 2037 esse3
850 1963 925 2020 non
950 1947 1102 2021 enimin

137 2041 352 2118 abscondito
368 2041 486 2120 Moses
504 2065 587 2116 cum
605 2040 689 2118 Deo
711 2040 872 2128 locutus,
898 2039 956 2117 sed
971 2040 1103 2118 lsratli·

138 2153 186 2214 tae
206 2163 334 2214 omues
351 2143 455 2214 etiam
480 2137 600 2216 Deum
625 2137 838 2235 loquentem
855 2138 1044 2214 audiebant
1064 2139 1102 2214 &

142 2237 409 2332 intelligebant.
428 2231 542 2312 Exod.
559 2231 665 2311 XlX.
680 2257 712 2324 9.
736 2233 843 2310 Unde
855 2237 959 2310 etiam
973 2247 1103 2310 treme-

87 2413 90 2418 ,
142 2333 203 2406 bat
219 2336 358 2428 integer
373 2331 527 2429 populus
539 2346 679 2424 petens,
705 2354 750 2406 ne
764 2329 863 2408 Deus
873 2331 1023 2426 amplius
1035 2333 1103 2406 im.

140 2430 298 2504 mediate
321 2428 363 2504 ad
382 2451 443 2503 eos
463 2428 649 2526 loquatur,
684 2425 742 2502 sed
763 2427 798 2502 id
818 2425 892 2502 lieri
913 2430 1106 2526 cupiebant

141 2547 208 2621 per
225 2524 352 2600 Mosen
366 2526 629 2604 internuncium
646 2520 755 2600 Exod.
770 2521 858 2604 XX.
873 2545 926 2612 19.
972 2509 1106 2620 Neque

112 2620 370 2695 occasunem
396 2621 608 2717 tempestatis
634 2643 722 2695 mox
748 2621 945 2716 ingruentis
968 2623 1003 2696 in
1026 2619 1106 2696 usus

142 2717 229 2794 suos
258 2717 392 2790 vertere
412 2720 532 2813 potuit
558 2715 705 2812 Moses,
737 2740 819 2792 cum
844 2714 925 2794 ante
946 2713 1106 2792 triduum

143 2815 217 2908 jam
241 2813 501 2908 legislationem
529 2812 624 2888 illam
649 2813 828 2908 praedixit,
857 2813 1107 2909 populumque

144 2927 187 2988 ut
209 2908 240 2984 se
259 2925 463 3006 praepararet
482 2907 582 3003 jussit.
634 2907 677 2985 Et
701 2912 805 2984 tantis
826 2911 1012 3002 praesentiae
1028 2907 1108 2985 Ma·

143 3005 275 3100 sellaria
292 3006 417 3080 divinae
438 3003 543 3103 fignis
565 3005 651 3082 satia
672 3005 738 3082 fuit
753 3003 942 3103 Legislatio
959 3003 1043 3088 illa,
1067 3019 1108 3080 ut
1154 3017 1159 3028 ‘

146 3103 233 3178 licet
257 3101 413 3176 sexcenti
440 3101 538 3176 mille
562 3105 626 3177 viri
653 3100 837 3198 praesentea
855 3101 986 3176 suerint
1006 3099 1109 3176 telles
1173 3137 1191 3149 κ
1253 3145 1261 3154 -

147 3197 306 3276 occulati
331 3200 365 3272 dt
383 3201 507 3284 auriti,
534 3201 668 3274 nemini
684 3215 800 3274 tamen
816 3197 958 3278 illorum
979 3194 1111 3272 fraudis

145 3295 297 3390 suspicio
322 3293 449 3379 fuerit,
485 3292 541 3372 sed
568 3293 675 3392 ipsam
700 3293 880 3372 Deitatem
904 3291 1116 3388 praesentem·
1254 3357 1256 3368 .

147 3390 220 3470 esse
242 3389 486 3468 convitiilsrmi
504 3388 613 3468 essent
627 3414 763 3470 omnes.

523 3543 568 3626 §ss
586 3535 737 3642 ecurt

226 3653 329 3748 Aqua
355 3649 375 3727 ὲ
403 3649 504 3728 Petra
528 3675 673 3727 manans
706 3675 781 3732 non
808 3655 925 3730 minut
949 3653 1116 3734 Miraculi
1251 3635 1255 3640 ⁵

147 3751 329 3827 rationem
358 3749 509 3843 habuir3
545 3749 719 3945 quppyerp
743 3753 1009 3829 circumstantiis
1038 3752 1115 3828 satis

767 3873 770 3890 ·
815 3878 818 3887 ·
1007 3871 1116 3949 appa.
