<?xml version="1.0" encoding="UTF-8"?>
<!DOCTYPE html PUBLIC "-//W3C//DTD XHTML 1.0 Transitional//EN"
    "http://www.w3.org/TR/xhtml1/DTD/xhtml1-transitional.dtd">
<html xmlns="http://www.w3.org/1999/xhtml" xml:lang="en" lang="en">
 <head>
  <title>
</title>
<meta http-equiv="Content-Type" content="text/html;charset=utf-8" />
  <meta name='ocr-system' content='tesseract 3.04.00' />
  <meta name='ocr-capabilities' content='ocr_page ocr_carea ocr_par ocr_line ocrx_word'/>
</head>
<body>
  <div class='ocr_page' id='page_1' title='image "./johfridstapferi01stapgoog/johfridstapferi01stapgoog_0241.png"; bbox 0 0 2594 4442; ppageno 0'>
   <div class='ocr_carea' id='block_1_1' title="bbox 595 50 601 78">
    <p class='ocr_par' dir='ltr' id='par_1_1' title="bbox 595 50 601 78">
     <span class='ocr_line' id='line_1_1' title="bbox 595 50 601 78; baseline 0 0"><span class='ocrx_word' id='word_1_1' title='bbox 595 50 601 78; x_wconf 73' lang='lat' dir='ltr'>l</span> 
     </span>
    </p>
   </div>
   <div class='ocr_carea' id='block_1_2' title="bbox 179 197 940 358">
    <p class='ocr_par' dir='ltr' id='par_1_2' title="bbox 179 197 940 358">
     <span class='ocr_line' id='line_1_2' title="bbox 179 197 940 358; baseline 0.011 -26"><span class='ocrx_word' id='word_1_2' title='bbox 179 257 182 262; x_wconf 93' lang='lat'><em>·</em></span> <span class='ocrx_word' id='word_1_3' title='bbox 233 275 315 358; x_wconf 77' lang='lat'>„2</span> <span class='ocrx_word' id='word_1_4' title='bbox 473 220 669 354; x_wconf 64' lang='lat' dir='ltr'>carun.</span> <span class='ocrx_word' id='word_1_5' title='bbox 697 197 940 340; x_wconf 64' lang='lat' dir='ltr'>neorrrmoss</span> 
     </span>
    </p>
   </div>
   <div class='ocr_carea' id='block_1_3' title="bbox 254 439 1265 3839">
    <p class='ocr_par' dir='ltr' id='par_1_3' title="bbox 254 439 1265 3839">
     <span class='ocr_line' id='line_1_3' title="bbox 313 439 1182 524; baseline 0.009 -19"><span class='ocrx_word' id='word_1_6' title='bbox 313 450 380 515; x_wconf 82' lang='lat'><em>856.</em></span> <span class='ocrx_word' id='word_1_7' title='bbox 394 453 458 512; x_wconf 84' lang='lat'>857·</span> <span class='ocrx_word' id='word_1_8' title='bbox 471 459 539 524; x_wconf 79' lang='lat' dir='ltr'>pag.</span> <span class='ocrx_word' id='word_1_9' title='bbox 553 465 567 504; x_wconf 86' lang='lat'>2</span> <span class='ocrx_word' id='word_1_10' title='bbox 572 456 619 519; x_wconf 74' lang='lat'>36.</span> <span class='ocrx_word' id='word_1_11' title='bbox 634 439 739 504; x_wconf 86' lang='lat' dir='ltr'>dehac</span> <span class='ocrx_word' id='word_1_12' title='bbox 753 441 872 504; x_wconf 86' lang='lat' dir='ltr'>materia</span> <span class='ocrx_word' id='word_1_13' title='bbox 889 441 1045 516; x_wconf 74' lang='lat' dir='ltr'>dicuntura</span> <span class='ocrx_word' id='word_1_14' title='bbox 1067 441 1182 522; x_wconf 84' lang='lat' dir='ltr'>Minime</span> 
     </span>
     <span class='ocr_line' id='line_1_4' title="bbox 310 519 1183 598; baseline 0.007 -14"><span class='ocrx_word' id='word_1_15' title='bbox 310 539 383 584; x_wconf 84' lang='lat' dir='ltr'>vero</span> <span class='ocrx_word' id='word_1_16' title='bbox 397 525 516 583; x_wconf 77' lang='lat' dir='ltr'>notor-is</span> <span class='ocrx_word' id='word_1_17' title='bbox 531 520 634 598; x_wconf 87' lang='lat' dir='ltr'>scopus</span> <span class='ocrx_word' id='word_1_18' title='bbox 649 519 704 582; x_wconf 85' lang='lat' dir='ltr'>fuir</span> <span class='ocrx_word' id='word_1_19' title='bbox 717 519 746 581; x_wconf 91' lang='lat' dir='ltr'>in</span> <span class='ocrx_word' id='word_1_20' title='bbox 760 519 813 581; x_wconf 88' lang='lat' dir='ltr'>hac</span> <span class='ocrx_word' id='word_1_21' title='bbox 825 523 968 585; x_wconf 70' lang='lat' dir='ltr'>DoCirina</span> <span class='ocrx_word' id='word_1_22' title='bbox 978 527 1024 590; x_wconf 86' lang='lat' dir='ltr'>vel</span> <span class='ocrx_word' id='word_1_23' title='bbox 1040 527 1125 589; x_wconf 85' lang='lat' dir='ltr'>latum</span> <span class='ocrx_word' id='word_1_24' title='bbox 1135 548 1183 590; x_wconf 90' lang='lat' dir='ltr'>un·</span> 
     </span>
     <span class='ocr_line' id='line_1_5' title="bbox 311 598 1265 680; baseline 0.008 -19"><span class='ocrx_word' id='word_1_25' title='bbox 311 615 401 680; x_wconf 80' lang='lat' dir='ltr'>guem</span> <span class='ocrx_word' id='word_1_26' title='bbox 420 605 431 660; x_wconf 92' lang='lat' dir='ltr'>l</span> <span class='ocrx_word' id='word_1_27' title='bbox 449 601 597 661; x_wconf 89' lang='lat' dir='ltr'>communi</span> <span class='ocrx_word' id='word_1_28' title='bbox 613 598 843 662; x_wconf 85' lang='lat' dir='ltr'>Reformatorum</span> <span class='ocrx_word' id='word_1_29' title='bbox 861 603 1009 665; x_wconf 81' lang='lat' dir='ltr'>Sententia</span> <span class='ocrx_word' id='word_1_30' title='bbox 1023 601 1179 676; x_wconf 82' lang='lat' dir='ltr'>discedere,</span> <span class='ocrx_word' id='word_1_31' title='bbox 1264 643 1265 652; x_wconf 27' lang='grc' dir='ltr'><strong>κ</strong></span> 
     </span>
     <span class='ocr_line' id='line_1_6' title="bbox 311 676 1189 760; baseline 0.003 -17"><span class='ocrx_word' id='word_1_32' title='bbox 311 679 361 744; x_wconf 88' lang='lat' dir='ltr'>sed</span> <span class='ocrx_word' id='word_1_33' title='bbox 371 698 438 740; x_wconf 88' lang='lat' dir='ltr'>curn</span> <span class='ocrx_word' id='word_1_34' title='bbox 450 676 645 742; x_wconf 81' lang='lat' dir='ltr'>Rationalistis</span> <span class='ocrx_word' id='word_1_35' title='bbox 656 679 833 741; x_wconf 80' lang='lat' dir='ltr'>rationaliter</span> <span class='ocrx_word' id='word_1_36' title='bbox 845 699 933 760; x_wconf 75' lang='lat' dir='ltr'>agere</span> <span class='ocrx_word' id='word_1_37' title='bbox 943 683 1055 752; x_wconf 87' lang='lat' dir='ltr'>voluit,</span> <span class='ocrx_word' id='word_1_38' title='bbox 1076 679 1189 746; x_wconf 53' lang='lat' dir='ltr'>omnia,</span> 
     </span>
     <span class='ocr_line' id='line_1_7' title="bbox 311 755 1182 842; baseline 0.002 -20"><span class='ocrx_word' id='word_1_39' title='bbox 311 777 371 842; x_wconf 86' lang='lat' dir='ltr'>que</span> <span class='ocrx_word' id='word_1_40' title='bbox 380 755 490 829; x_wconf 83' lang='lat' dir='ltr'>similia,</span> <span class='ocrx_word' id='word_1_41' title='bbox 500 778 562 841; x_wconf 86' lang='lat' dir='ltr'>qnae</span> <span class='ocrx_word' id='word_1_42' title='bbox 575 757 622 818; x_wconf 89' lang='lat' dir='ltr'>hic</span> <span class='ocrx_word' id='word_1_43' title='bbox 637 758 729 840; x_wconf 86' lang='lat' dir='ltr'>vulgo</span> <span class='ocrx_word' id='word_1_44' title='bbox 737 757 870 820; x_wconf 79' lang='lat' dir='ltr'>adhiberi</span> <span class='ocrx_word' id='word_1_45' title='bbox 880 761 985 830; x_wconf 87' lang='lat' dir='ltr'>solent,</span> <span class='ocrx_word' id='word_1_46' title='bbox 994 764 1111 832; x_wconf 87' lang='lat' dir='ltr'>evitare,</span> <span class='ocrx_word' id='word_1_47' title='bbox 1120 783 1182 842; x_wconf 86' lang='lat' dir='ltr'>pro·</span> 
     </span>
     <span class='ocr_line' id='line_1_8' title="bbox 309 833 1181 922; baseline 0.005 -22"><span class='ocrx_word' id='word_1_48' title='bbox 309 856 377 921; x_wconf 87' lang='lat' dir='ltr'>pter</span> <span class='ocrx_word' id='word_1_49' title='bbox 387 857 518 920; x_wconf 83' lang='lat' dir='ltr'>magnam</span> <span class='ocrx_word' id='word_1_50' title='bbox 530 856 618 918; x_wconf 86' lang='lat' dir='ltr'>quntn</span> <span class='ocrx_word' id='word_1_51' title='bbox 628 833 1018 901; x_wconf 81' lang='lat' dir='ltr'>habentdillrntilitudinem.</span> <span class='ocrx_word' id='word_1_52' title='bbox 1039 846 1074 902; x_wconf 86' lang='lat' dir='ltr'>Et</span> <span class='ocrx_word' id='word_1_53' title='bbox 1082 841 1110 903; x_wconf 91' lang='lat' dir='ltr'>id</span> <span class='ocrx_word' id='word_1_54' title='bbox 1119 861 1181 922; x_wconf 81' lang='lat' dir='ltr'>pra·</span> 
     </span>
     <span class='ocr_line' id='line_1_9' title="bbox 308 915 1178 1001; baseline 0.005 -23"><span class='ocrx_word' id='word_1_55' title='bbox 308 916 397 998; x_wconf 83' lang='lat' dir='ltr'>cipue</span> <span class='ocrx_word' id='word_1_56' title='bbox 407 917 537 978; x_wconf 78' lang='lat' dir='ltr'>intendit</span> <span class='ocrx_word' id='word_1_57' title='bbox 547 925 649 987; x_wconf 76' lang='lat' dir='ltr'>notor,</span> <span class='ocrx_word' id='word_1_58' title='bbox 665 933 698 978; x_wconf 88' lang='lat' dir='ltr'>ut</span> <span class='ocrx_word' id='word_1_59' title='bbox 707 915 851 987; x_wconf 84' lang='lat' dir='ltr'>ostendat,</span> <span class='ocrx_word' id='word_1_60' title='bbox 861 917 1015 998; x_wconf 86' lang='lat' dir='ltr'>quomodo</span> <span class='ocrx_word' id='word_1_61' title='bbox 1025 918 1083 982; x_wconf 84' lang='lat' dir='ltr'>ficri</span> <span class='ocrx_word' id='word_1_62' title='bbox 1093 921 1178 1001; x_wconf 82' lang='lat' dir='ltr'>polim</span> 
     </span>
     <span class='ocr_line' id='line_1_10' title="bbox 310 995 1177 1078; baseline 0.001 -19"><span class='ocrx_word' id='word_1_63' title='bbox 310 1011 344 1059; x_wconf 90' lang='lat' dir='ltr'>ut</span> <span class='ocrx_word' id='word_1_64' title='bbox 358 1002 449 1063; x_wconf 84' lang='lat' dir='ltr'>Deus,</span> <span class='ocrx_word' id='word_1_65' title='bbox 469 995 580 1058; x_wconf 81' lang='lat' dir='ltr'>ndamo</span> <span class='ocrx_word' id='word_1_66' title='bbox 593 1013 745 1074; x_wconf 84' lang='lat' dir='ltr'>peccante,</span> <span class='ocrx_word' id='word_1_67' title='bbox 756 1003 866 1056; x_wconf 77' lang='lat' dir='ltr'>‘omncs</span> <span class='ocrx_word' id='word_1_68' title='bbox 877 996 1013 1059; x_wconf 77' lang='lat' dir='ltr'>l‘ollcros</span> <span class='ocrx_word' id='word_1_69' title='bbox 1023 999 1086 1078; x_wconf 88' lang='lat' dir='ltr'>ejus</span> <span class='ocrx_word' id='word_1_70' title='bbox 1095 1002 1177 1062; x_wconf 86' lang='lat' dir='ltr'>etiam</span> 
     </span>
     <span class='ocr_line' id='line_1_11' title="bbox 254 1073 1178 1158; baseline 0.005 -25"><span class='ocrx_word' id='word_1_71' title='bbox 254 1129 258 1142; x_wconf 90' lang='grc'>,</span> <span class='ocrx_word' id='word_1_72' title='bbox 308 1077 521 1154; x_wconf 89' lang='lat' dir='ltr'>peccatores&amp;</span> <span class='ocrx_word' id='word_1_73' title='bbox 535 1073 714 1136; x_wconf 80' lang='lat' dir='ltr'>damnabiles</span> <span class='ocrx_word' id='word_1_74' title='bbox 730 1075 860 1152; x_wconf 77' lang='lat' dir='ltr'>judicare</span> <span class='ocrx_word' id='word_1_75' title='bbox 878 1075 1067 1140; x_wconf 66' lang='lat' dir='ltr'>&amp;ailimare</span> <span class='ocrx_word' id='word_1_76' title='bbox 1086 1079 1178 1158; x_wconf 78' lang='lat' dir='ltr'>pollis,</span> 
     </span>
     <span class='ocr_line' id='line_1_12' title="bbox 309 1151 1180 1234; baseline 0.007 -20"><span class='ocrx_word' id='word_1_77' title='bbox 309 1155 401 1234; x_wconf 89' lang='lat' dir='ltr'>idque</span> <span class='ocrx_word' id='word_1_78' title='bbox 418 1173 476 1213; x_wconf 92' lang='lat' dir='ltr'>non</span> <span class='ocrx_word' id='word_1_79' title='bbox 489 1175 523 1214; x_wconf 85' lang='lat' dir='ltr'>ex</span> <span class='ocrx_word' id='word_1_80' title='bbox 537 1151 654 1221; x_wconf 76' lang='lat' dir='ltr'>casibus,</span> <span class='ocrx_word' id='word_1_81' title='bbox 673 1153 750 1214; x_wconf 88' lang='lat' dir='ltr'>inter</span> <span class='ocrx_word' id='word_1_82' title='bbox 759 1151 912 1224; x_wconf 87' lang='lat' dir='ltr'>homines,</span> <span class='ocrx_word' id='word_1_83' title='bbox 933 1151 1137 1224; x_wconf 71' lang='lat' dir='ltr'>simililius„led</span> <span class='ocrx_word' id='word_1_84' title='bbox 1149 1176 1180 1220; x_wconf 81' lang='lat' dir='ltr'>ex</span> 
     </span>
     <span class='ocr_line' id='line_1_13' title="bbox 308 1232 1177 1317; baseline 0.006 -24"><span class='ocrx_word' id='word_1_85' title='bbox 308 1235 369 1314; x_wconf 81' lang='lat' dir='ltr'>ipsa</span> <span class='ocrx_word' id='word_1_86' title='bbox 386 1233 425 1296; x_wconf 88' lang='lat' dir='ltr'>rei</span> <span class='ocrx_word' id='word_1_87' title='bbox 441 1251 559 1300; x_wconf 86' lang='lat' dir='ltr'>natura,</span> <span class='ocrx_word' id='word_1_88' title='bbox 581 1250 613 1293; x_wconf 93' lang='lat' dir='ltr'>ut</span> <span class='ocrx_word' id='word_1_89' title='bbox 625 1232 761 1314; x_wconf 84' lang='lat' dir='ltr'>cognosci</span> <span class='ocrx_word' id='word_1_90' title='bbox 779 1232 863 1313; x_wconf 79' lang='lat' dir='ltr'>polilt</span> <span class='ocrx_word' id='word_1_91' title='bbox 878 1253 913 1296; x_wconf 86' lang='lat' dir='ltr'>ex</span> <span class='ocrx_word' id='word_1_92' title='bbox 928 1233 1079 1317; x_wconf 83' lang='lat' dir='ltr'>principiis</span> <span class='ocrx_word' id='word_1_93' title='bbox 1095 1236 1177 1300; x_wconf 86' lang='lat' dir='ltr'>etiam</span> 
     </span>
     <span class='ocr_line' id='line_1_14' title="bbox 309 1307 1180 1396; baseline -0.001 -20"><span class='ocrx_word' id='word_1_94' title='bbox 309 1313 452 1380; x_wconf 86' lang='lat' dir='ltr'>rationis,</span> <span class='ocrx_word' id='word_1_95' title='bbox 473 1332 534 1393; x_wconf 90' lang='lat' dir='ltr'>quo</span> <span class='ocrx_word' id='word_1_96' title='bbox 545 1307 625 1372; x_wconf 82' lang='lat' dir='ltr'>sertin</span> <span class='ocrx_word' id='word_1_97' title='bbox 638 1310 749 1372; x_wconf 83' lang='lat' dir='ltr'>ditatur</span> <span class='ocrx_word' id='word_1_98' title='bbox 760 1330 810 1390; x_wconf 83' lang='lat' dir='ltr'>per</span> <span class='ocrx_word' id='word_1_99' title='bbox 823 1331 911 1374; x_wconf 90' lang='lat' dir='ltr'>unurn</span> <span class='ocrx_word' id='word_1_100' title='bbox 921 1311 1074 1377; x_wconf 85' lang='lat' dir='ltr'>hominem</span> <span class='ocrx_word' id='word_1_101' title='bbox 1084 1334 1180 1396; x_wconf 87' lang='lat' dir='ltr'>pecca·</span> 
     </span>
     <span class='ocr_line' id='line_1_15' title="bbox 309 1383 1176 1472; baseline 0.003 -19"><span class='ocrx_word' id='word_1_102' title='bbox 309 1409 371 1453; x_wconf 89' lang='lat' dir='ltr'>turn</span> <span class='ocrx_word' id='word_1_103' title='bbox 392 1393 423 1451; x_wconf 93' lang='lat' dir='ltr'>in</span> <span class='ocrx_word' id='word_1_104' title='bbox 442 1389 583 1452; x_wconf 85' lang='lat' dir='ltr'>Mundum</span> <span class='ocrx_word' id='word_1_105' title='bbox 605 1383 738 1460; x_wconf 68' lang='lat' dir='ltr'>intralia,</span> <span class='ocrx_word' id='word_1_106' title='bbox 760 1392 791 1450; x_wconf 73' lang='grc' dir='ltr'>δε</span> <span class='ocrx_word' id='word_1_107' title='bbox 806 1409 1022 1472; x_wconf 86' lang='lat' dir='ltr'>perpeccatum</span> <span class='ocrx_word' id='word_1_108' title='bbox 1036 1413 1176 1462; x_wconf 80' lang='lat' dir='ltr'>mortem:</span> 
     </span>
     <span class='ocr_line' id='line_1_16' title="bbox 308 1469 1175 1552; baseline 0.001 -19"><span class='ocrx_word' id='word_1_109' title='bbox 308 1489 398 1552; x_wconf 90' lang='lat' dir='ltr'>atque</span> <span class='ocrx_word' id='word_1_110' title='bbox 410 1470 449 1530; x_wconf 87' lang='lat' dir='ltr'>ita</span> <span class='ocrx_word' id='word_1_111' title='bbox 462 1469 497 1532; x_wconf 86' lang='lat' dir='ltr'>ari</span> <span class='ocrx_word' id='word_1_112' title='bbox 509 1488 610 1529; x_wconf 85' lang='lat' dir='ltr'>omnes</span> <span class='ocrx_word' id='word_1_113' title='bbox 618 1469 751 1533; x_wconf 85' lang='lat' dir='ltr'>homines</span> <span class='ocrx_word' id='word_1_114' title='bbox 761 1488 887 1532; x_wconf 86' lang='lat' dir='ltr'>mortem</span> <span class='ocrx_word' id='word_1_115' title='bbox 899 1469 955 1534; x_wconf 81' lang='lat' dir='ltr'>live</span> <span class='ocrx_word' id='word_1_116' title='bbox 965 1472 1175 1536; x_wconf 79' lang='lat' dir='ltr'>damnationem</span> 
     </span>
     <span class='ocr_line' id='line_1_17' title="bbox 259 1547 1178 1635; baseline 0.002 -25"><span class='ocrx_word' id='word_1_117' title='bbox 259 1587 263 1594; x_wconf 89' lang='lat'><strong>·</strong></span> <span class='ocrx_word' id='word_1_118' title='bbox 307 1547 477 1633; x_wconf 82' lang='lat' dir='ltr'>pervaltlle,</span> <span class='ocrx_word' id='word_1_119' title='bbox 497 1567 640 1628; x_wconf 82' lang='lat' dir='ltr'>quatenns</span> <span class='ocrx_word' id='word_1_120' title='bbox 658 1565 761 1610; x_wconf 85' lang='lat' dir='ltr'>onmes</span> <span class='ocrx_word' id='word_1_121' title='bbox 776 1566 952 1627; x_wconf 79' lang='lat' dir='ltr'>peccarunt3</span> <span class='ocrx_word' id='word_1_122' title='bbox 986 1549 1044 1613; x_wconf 80' lang='lat' dir='ltr'>save</span> <span class='ocrx_word' id='word_1_123' title='bbox 1060 1572 1178 1635; x_wconf 88' lang='lat' dir='ltr'>quomo·</span> 
     </span>
     <span class='ocr_line' id='line_1_18' title="bbox 310 1623 1177 1700; baseline 0.002 -10"><span class='ocrx_word' id='word_1_124' title='bbox 310 1627 350 1690; x_wconf 91' lang='lat' dir='ltr'>do</span> <span class='ocrx_word' id='word_1_125' title='bbox 368 1629 453 1690; x_wconf 88' lang='lat' dir='ltr'>nnius</span> <span class='ocrx_word' id='word_1_126' title='bbox 469 1626 581 1692; x_wconf 70' lang='lat' dir='ltr'>delicto</span> <span class='ocrx_word' id='word_1_127' title='bbox 596 1623 703 1700; x_wconf 65' lang='lat' dir='ltr'>facium</span> <span class='ocrx_word' id='word_1_128' title='bbox 721 1623 774 1696; x_wconf 85' lang='lat' dir='ltr'>fit,</span> <span class='ocrx_word' id='word_1_129' title='bbox 796 1646 827 1689; x_wconf 93' lang='lat' dir='ltr'>ut</span> <span class='ocrx_word' id='word_1_130' title='bbox 841 1647 945 1692; x_wconf 90' lang='lat' dir='ltr'>omnes</span> <span class='ocrx_word' id='word_1_131' title='bbox 957 1627 1093 1693; x_wconf 88' lang='lat' dir='ltr'>homines</span> <span class='ocrx_word' id='word_1_132' title='bbox 1105 1632 1177 1692; x_wconf 87' lang='lat' dir='ltr'>tiam-</span> 
     </span>
     <span class='ocr_line' id='line_1_19' title="bbox 307 1703 1176 1780; baseline 0.002 -12"><span class='ocrx_word' id='word_1_133' title='bbox 307 1727 454 1770; x_wconf 86' lang='lat' dir='ltr'>narentur.</span> <span class='ocrx_word' id='word_1_134' title='bbox 499 1711 575 1769; x_wconf 85' lang='lat' dir='ltr'>Cum</span> <span class='ocrx_word' id='word_1_135' title='bbox 588 1705 668 1779; x_wconf 79' lang='lat' dir='ltr'>enirn</span> <span class='ocrx_word' id='word_1_136' title='bbox 679 1703 871 1768; x_wconf 75' lang='lat' dir='ltr'>Rationalillnt·</span> <span class='ocrx_word' id='word_1_137' title='bbox 881 1703 977 1780; x_wconf 77' lang='lat' dir='ltr'>reruni</span> <span class='ocrx_word' id='word_1_138' title='bbox 989 1711 1021 1770; x_wconf 87' lang='lat'>&amp;</span> <span class='ocrx_word' id='word_1_139' title='bbox 1034 1713 1176 1772; x_wconf 77' lang='lat' dir='ltr'>veritatum</span> 
     </span>
     <span class='ocr_line' id='line_1_20' title="bbox 308 1785 1176 1868; baseline 0.001 -19"><span class='ocrx_word' id='word_1_140' title='bbox 308 1807 413 1849; x_wconf 90' lang='lat' dir='ltr'>nexum</span> <span class='ocrx_word' id='word_1_141' title='bbox 431 1785 592 1867; x_wconf 80' lang='lat' dir='ltr'>perspicere</span> <span class='ocrx_word' id='word_1_142' title='bbox 604 1785 713 1853; x_wconf 82' lang='lat' dir='ltr'>velint,</span> <span class='ocrx_word' id='word_1_143' title='bbox 733 1803 838 1848; x_wconf 85' lang='lat' dir='ltr'>nexum</span> <span class='ocrx_word' id='word_1_144' title='bbox 856 1785 1015 1868; x_wconf 82' lang='lat' dir='ltr'>illumipfis</span> <span class='ocrx_word' id='word_1_145' title='bbox 1030 1787 1176 1850; x_wconf 84' lang='lat' dir='ltr'>ostendere</span> 
     </span>
     <span class='ocr_line' id='line_1_21' title="bbox 305 1853 1173 1944; baseline -0.002 -16"><span class='ocrx_word' id='word_1_146' title='bbox 305 1853 493 1942; x_wconf 74' lang='lat' dir='ltr'>necessarium</span> <span class='ocrx_word' id='word_1_147' title='bbox 505 1861 652 1943; x_wconf 64' lang='lat' dir='ltr'>deniqui</span> <span class='ocrx_word' id='word_1_148' title='bbox 663 1864 740 1926; x_wconf 88' lang='lat' dir='ltr'>inter</span> <span class='ocrx_word' id='word_1_149' title='bbox 755 1859 858 1928; x_wconf 79' lang='lat' dir='ltr'>adami</span> <span class='ocrx_word' id='word_1_150' title='bbox 868 1885 1023 1944; x_wconf 87' lang='lat' dir='ltr'>peccatum</span> <span class='ocrx_word' id='word_1_151' title='bbox 1035 1869 1066 1928; x_wconf 89' lang='lat'>&amp;</span> <span class='ocrx_word' id='word_1_152' title='bbox 1080 1863 1173 1937; x_wconf 69' lang='lat' dir='ltr'>Polie-</span> 
     </span>
     <span class='ocr_line' id='line_1_22' title="bbox 306 1939 1175 2026; baseline -0.001 -19"><span class='ocrx_word' id='word_1_153' title='bbox 306 1939 411 2007; x_wconf 46' lang='lat' dir='ltr'>rorum*</span> <span class='ocrx_word' id='word_1_154' title='bbox 423 1945 484 2024; x_wconf 85' lang='lat' dir='ltr'>ejus</span> <span class='ocrx_word' id='word_1_155' title='bbox 501 1943 717 2006; x_wconf 80' lang='lat' dir='ltr'>damnationem</span> <span class='ocrx_word' id='word_1_156' title='bbox 735 1940 794 2011; x_wconf 74' lang='lat' dir='ltr'>ella</span> <span class='ocrx_word' id='word_1_157' title='bbox 815 1943 865 2026; x_wconf 87' lang='lat' dir='ltr'>qui</span> <span class='ocrx_word' id='word_1_158' title='bbox 874 1942 1000 2009; x_wconf 79' lang='lat' dir='ltr'>consistit</span> <span class='ocrx_word' id='word_1_159' title='bbox 1017 1947 1049 2009; x_wconf 93' lang='lat' dir='ltr'>in</span> <span class='ocrx_word' id='word_1_160' title='bbox 1066 1943 1175 2010; x_wconf 74' lang='lat' dir='ltr'>arniti-</span> 
     </span>
     <span class='ocr_line' id='line_1_23' title="bbox 307 2022 1175 2105; baseline 0 -19"><span class='ocrx_word' id='word_1_161' title='bbox 307 2043 430 2086; x_wconf 83' lang='lat' dir='ltr'>macunt</span> <span class='ocrx_word' id='word_1_162' title='bbox 441 2025 619 2092; x_wconf 84' lang='lat' dir='ltr'>counione,</span> <span class='ocrx_word' id='word_1_163' title='bbox 634 2022 796 2105; x_wconf 80' lang='lat' dir='ltr'>quiaDeus</span> <span class='ocrx_word' id='word_1_164' title='bbox 808 2038 902 2086; x_wconf 88' lang='lat' dir='ltr'>torum</span> <span class='ocrx_word' id='word_1_165' title='bbox 912 2026 1175 2090; x_wconf 85' lang='lat' dir='ltr'>Genushunranum</span> 
     </span>
     <span class='ocr_line' id='line_1_24' title="bbox 306 2099 1172 2183; baseline 0.001 -18"><span class='ocrx_word' id='word_1_166' title='bbox 306 2123 372 2165; x_wconf 86' lang='lat' dir='ltr'>curn</span> <span class='ocrx_word' id='word_1_167' title='bbox 384 2103 496 2166; x_wconf 83' lang='lat' dir='ltr'>Adam&#39;o</span> <span class='ocrx_word' id='word_1_168' title='bbox 507 2122 563 2164; x_wconf 89' lang='lat' dir='ltr'>ceu</span> <span class='ocrx_word' id='word_1_169' title='bbox 580 2105 697 2165; x_wconf 87' lang='lat' dir='ltr'>unicum</span> <span class='ocrx_word' id='word_1_170' title='bbox 710 2099 828 2183; x_wconf 81' lang='lat' dir='ltr'>aliquod</span> <span class='ocrx_word' id='word_1_171' title='bbox 838 2106 972 2181; x_wconf 87' lang='lat' dir='ltr'>Corpus,</span> <span class='ocrx_word' id='word_1_172' title='bbox 993 2102 1054 2168; x_wconf 79' lang='lat' dir='ltr'>stre</span> <span class='ocrx_word' id='word_1_173' title='bbox 1065 2107 1172 2168; x_wconf 88' lang='lat' dir='ltr'>unicam</span> 
     </span>
     <span class='ocr_line' id='line_1_25' title="bbox 305 2165 1180 2265; baseline -0.001 -20"><span class='ocrx_word' id='word_1_174' title='bbox 305 2183 432 2265; x_wconf 87' lang='lat' dir='ltr'>aliquant</span> <span class='ocrx_word' id='word_1_175' title='bbox 447 2179 561 2246; x_wconf 78' lang='lat' dir='ltr'>mallum</span> <span class='ocrx_word' id='word_1_176' title='bbox 581 2165 770 2260; x_wconf 57' lang='lat' dir='ltr'>confidem,</span> <span class='ocrx_word' id='word_1_177' title='bbox 781 2199 844 2260; x_wconf 78' lang='lat' dir='ltr'>qua</span> <span class='ocrx_word' id='word_1_178' title='bbox 862 2181 1063 2264; x_wconf 77' lang='lat' dir='ltr'>corruptionis</span> <span class='ocrx_word' id='word_1_179' title='bbox 1075 2183 1180 2256; x_wconf 74' lang='lat' dir='ltr'>adami¹</span> 
     </span>
     <span class='ocr_line' id='line_1_26' title="bbox 304 2258 1171 2343; baseline -0.001 -20"><span class='ocrx_word' id='word_1_180' title='bbox 304 2265 450 2341; x_wconf 81' lang='lat' dir='ltr'>particeps</span> <span class='ocrx_word' id='word_1_181' title='bbox 465 2262 554 2324; x_wconf 86' lang='lat' dir='ltr'>etiam</span> <span class='ocrx_word' id='word_1_182' title='bbox 574 2258 764 2322; x_wconf 83' lang='lat' dir='ltr'>damnationis</span> <span class='ocrx_word' id='word_1_183' title='bbox 774 2265 834 2336; x_wconf 80' lang='lat' dir='ltr'>ejus</span> <span class='ocrx_word' id='word_1_184' title='bbox 847 2263 992 2343; x_wconf 84' lang='lat' dir='ltr'>particeps</span> <span class='ocrx_word' id='word_1_185' title='bbox 1006 2260 1064 2324; x_wconf 81' lang='lat' dir='ltr'>elle</span> <span class='ocrx_word' id='word_1_186' title='bbox 1077 2263 1171 2326; x_wconf 87' lang='lat' dir='ltr'>debet.</span> 
     </span>
     <span class='ocr_line' id='line_1_27' title="bbox 306 2336 1172 2422; baseline 0.002 -22"><span class='ocrx_word' id='word_1_187' title='bbox 306 2336 1172 2422; x_wconf 77' lang='lat' dir='ltr'>Qaimputatiotamimmediataeli‚utimmediatiusnihil</span> 
     </span>
     <span class='ocr_line' id='line_1_28' title="bbox 304 2409 1170 2504; baseline -0.005 -21"><span class='ocrx_word' id='word_1_188' title='bbox 304 2421 467 2501; x_wconf 81' lang='lat' dir='ltr'>excogitari</span> <span class='ocrx_word' id='word_1_189' title='bbox 484 2418 577 2498; x_wconf 77' lang='lat' dir='ltr'>poffit·</span> <span class='ocrx_word' id='word_1_190' title='bbox 629 2416 738 2502; x_wconf 81' lang='lat' dir='ltr'>Eadem</span> <span class='ocrx_word' id='word_1_191' title='bbox 752 2437 821 2482; x_wconf 87' lang='lat' dir='ltr'>vero</span> <span class='ocrx_word' id='word_1_192' title='bbox 840 2409 1044 2500; x_wconf 72' lang='lat' dir='ltr'>imputatiotirs</span> <span class='ocrx_word' id='word_1_193' title='bbox 1063 2418 1170 2504; x_wconf 83' lang='lat' dir='ltr'>peccati</span> 
     </span>
     <span class='ocr_line' id='line_1_29' title="bbox 305 2495 1171 2582; baseline 0.002 -22"><span class='ocrx_word' id='word_1_194' title='bbox 305 2499 439 2560; x_wconf 76' lang='lat' dir='ltr'>Adamici</span> <span class='ocrx_word' id='word_1_195' title='bbox 461 2499 532 2558; x_wconf 86' lang='lat' dir='ltr'>ratio</span> <span class='ocrx_word' id='word_1_196' title='bbox 549 2495 612 2567; x_wconf 85' lang='lat' dir='ltr'>est,</span> <span class='ocrx_word' id='word_1_197' title='bbox 632 2513 696 2578; x_wconf 82' lang='lat' dir='ltr'>quat</span> <span class='ocrx_word' id='word_1_198' title='bbox 713 2497 917 2576; x_wconf 78' lang='lat' dir='ltr'>imputationis</span> <span class='ocrx_word' id='word_1_199' title='bbox 935 2497 1055 2582; x_wconf 82' lang='lat' dir='ltr'>Jullitiae</span> <span class='ocrx_word' id='word_1_200' title='bbox 1068 2497 1171 2567; x_wconf 79' lang='lat' dir='ltr'>christi</span> 
     </span>
     <span class='ocr_line' id='line_1_30' title="bbox 303 2573 1172 2660; baseline 0.002 -22"><span class='ocrx_word' id='word_1_201' title='bbox 303 2576 388 2648; x_wconf 78' lang='lat' dir='ltr'>(litte</span> <span class='ocrx_word' id='word_1_202' title='bbox 402 2577 546 2647; x_wconf 81' lang='lat' dir='ltr'>afferimus</span> <span class='ocrx_word' id='word_1_203' title='bbox 565 2595 623 2638; x_wconf 92' lang='lat' dir='ltr'>nou</span> <span class='ocrx_word' id='word_1_204' title='bbox 638 2573 721 2656; x_wconf 87' lang='lat' dir='ltr'>quod</span> <span class='ocrx_word' id='word_1_205' title='bbox 736 2596 771 2638; x_wconf 85' lang='lat' dir='ltr'>ex</span> <span class='ocrx_word' id='word_1_206' title='bbox 785 2576 838 2638; x_wconf 83' lang='lat' dir='ltr'>hac</span> <span class='ocrx_word' id='word_1_207' title='bbox 856 2577 1052 2660; x_wconf 87' lang='lat' dir='ltr'>imputatione</span> <span class='ocrx_word' id='word_1_208' title='bbox 1062 2580 1109 2643; x_wconf 86' lang='lat' dir='ltr'>vel</span> <span class='ocrx_word' id='word_1_209' title='bbox 1124 2579 1172 2640; x_wconf 90' lang='lat' dir='ltr'>irn-</span> 
     </span>
     <span class='ocr_line' id='line_1_31' title="bbox 303 2653 1171 2740; baseline 0 -21"><span class='ocrx_word' id='word_1_210' title='bbox 303 2657 465 2736; x_wconf 89' lang='lat' dir='ltr'>putationis</span> <span class='ocrx_word' id='word_1_211' title='bbox 480 2657 573 2718; x_wconf 87' lang='lat' dir='ltr'>modo</span> <span class='ocrx_word' id='word_1_212' title='bbox 587 2671 687 2718; x_wconf 87' lang='lat' dir='ltr'>contra</span> <span class='ocrx_word' id='word_1_213' title='bbox 701 2653 893 2727; x_wconf 86' lang='lat' dir='ltr'>adversarios,</span> <span class='ocrx_word' id='word_1_214' title='bbox 913 2661 964 2740; x_wconf 92' lang='lat' dir='ltr'>qui</span> <span class='ocrx_word' id='word_1_215' title='bbox 980 2663 1044 2722; x_wconf 82' lang='lat' dir='ltr'>cant</span> <span class='ocrx_word' id='word_1_216' title='bbox 1056 2679 1114 2722; x_wconf 90' lang='lat' dir='ltr'>non</span> <span class='ocrx_word' id='word_1_217' title='bbox 1127 2677 1141 2719; x_wconf 92' lang='lat' dir='ltr'>a</span> <span class='ocrx_word' id='word_1_218' title='bbox 1159 2691 1171 2710; x_wconf 90' lang='lat'><strong>·</strong></span> 
     </span>
     <span class='ocr_line' id='line_1_32' title="bbox 303 2673 1170 2818; baseline 0.005 -22"><span class='ocrx_word' id='word_1_219' title='bbox 303 2737 446 2804; x_wconf 85' lang='lat' dir='ltr'>noscunt,</span> <span class='ocrx_word' id='word_1_220' title='bbox 467 2732 662 2818; x_wconf 81' lang='lat' dir='ltr'>argumentati</span> <span class='ocrx_word' id='word_1_221' title='bbox 676 2733 818 2804; x_wconf 84' lang='lat' dir='ltr'>velimus,</span> <span class='ocrx_word' id='word_1_222' title='bbox 832 2731 926 2798; x_wconf 87' lang='lat' dir='ltr'>ledacl</span> <span class='ocrx_word' id='word_1_223' title='bbox 935 2755 996 2798; x_wconf 89' lang='lat' dir='ltr'>rem</span> <span class='ocrx_word' id='word_1_224' title='bbox 1006 2735 1127 2800; x_wconf 84' lang='lat' dir='ltr'>nostram</span> <span class='ocrx_word' id='word_1_225' title='bbox 1136 2673 1170 2803; x_wconf 68' lang='lat' dir='ltr'>il·</span> 
     </span>
     <span class='ocr_line' id='line_1_33' title="bbox 302 2811 1169 2900; baseline -0.002 -22"><span class='ocrx_word' id='word_1_226' title='bbox 302 2813 494 2884; x_wconf 82' lang='lat' dir='ltr'>lustrandam,</span> <span class='ocrx_word' id='word_1_227' title='bbox 516 2833 548 2877; x_wconf 90' lang='lat' dir='ltr'>uc</span> <span class='ocrx_word' id='word_1_228' title='bbox 562 2811 771 2892; x_wconf 51' lang='lat' dir='ltr'>¹ollendamusi</span> <span class='ocrx_word' id='word_1_229' title='bbox 786 2817 934 2879; x_wconf 82' lang='lat' dir='ltr'>communi</span> <span class='ocrx_word' id='word_1_230' title='bbox 952 2815 1169 2900; x_wconf 85' lang='lat' dir='ltr'>Theologorum</span> 
     </span>
     <span class='ocr_line' id='line_1_34' title="bbox 302 2891 1167 2979; baseline -0.003 -21"><span class='ocrx_word' id='word_1_231' title='bbox 302 2892 443 2958; x_wconf 83' lang='lat' dir='ltr'>sententia</span> <span class='ocrx_word' id='word_1_232' title='bbox 452 2893 506 2954; x_wconf 79' lang='lat' dir='ltr'>nos</span> <span class='ocrx_word' id='word_1_233' title='bbox 518 2913 578 2956; x_wconf 90' lang='lat' dir='ltr'>non</span> <span class='ocrx_word' id='word_1_234' title='bbox 589 2891 670 2954; x_wconf 89' lang='lat' dir='ltr'>abire</span> <span class='ocrx_word' id='word_1_235' title='bbox 682 2895 715 2964; x_wconf 86' lang='lat'>);</span> <span class='ocrx_word' id='word_1_236' title='bbox 738 2893 765 2954; x_wconf 88' lang='lat' dir='ltr'>Si</span> <span class='ocrx_word' id='word_1_237' title='bbox 776 2903 849 2955; x_wconf 78' lang='lat' dir='ltr'>veto</span> <span class='ocrx_word' id='word_1_238' title='bbox 858 2896 922 2973; x_wconf 88' lang='lat' dir='ltr'>quis</span> <span class='ocrx_word' id='word_1_239' title='bbox 933 2903 980 2957; x_wconf 76' lang='lat' dir='ltr'>nie</span> <span class='ocrx_word' id='word_1_240' title='bbox 991 2898 1149 2979; x_wconf 81' lang='lat' dir='ltr'>interroget</span> <span class='ocrx_word' id='word_1_241' title='bbox 1157 2933 1167 2964; x_wconf 91' lang='lat'>,</span> 
     </span>
     <span class='ocr_line' id='line_1_35' title="bbox 303 2967 1168 3056; baseline 0.003 -24"><span class='ocrx_word' id='word_1_242' title='bbox 303 2992 431 3056; x_wconf 75' lang='lat' dir='ltr'>quonam</span> <span class='ocrx_word' id='word_1_243' title='bbox 441 2967 532 3034; x_wconf 80' lang='lat' dir='ltr'>caulla</span> <span class='ocrx_word' id='word_1_244' title='bbox 547 2973 594 3034; x_wconf 86' lang='lat' dir='ltr'>vel</span> <span class='ocrx_word' id='word_1_245' title='bbox 608 2970 739 3052; x_wconf 89' lang='lat' dir='ltr'>quisnam</span> <span class='ocrx_word' id='word_1_246' title='bbox 754 2971 860 3038; x_wconf 86' lang='lat' dir='ltr'>modus</span> <span class='ocrx_word' id='word_1_247' title='bbox 874 2975 1078 3054; x_wconf 85' lang='lat' dir='ltr'>imputationis</span> <span class='ocrx_word' id='word_1_248' title='bbox 1090 2974 1168 3055; x_wconf 76' lang='lat' dir='ltr'>lulli·</span> 
     </span>
     <span class='ocr_line' id='line_1_36' title="bbox 302 3047 1168 3134; baseline -0.002 -20"><span class='ocrx_word' id='word_1_249' title='bbox 302 3057 347 3123; x_wconf 80' lang='lat' dir='ltr'>tia</span> <span class='ocrx_word' id='word_1_250' title='bbox 361 3051 467 3117; x_wconf 82' lang='lat' dir='ltr'>Christi</span> <span class='ocrx_word' id='word_1_251' title='bbox 478 3049 531 3113; x_wconf 72' lang='lat' dir='ltr'>stt?</span> <span class='ocrx_word' id='word_1_252' title='bbox 561 3052 669 3114; x_wconf 78' lang='lat' dir='ltr'>nullam</span> <span class='ocrx_word' id='word_1_253' title='bbox 679 3050 762 3112; x_wconf 88' lang='lat' dir='ltr'>aliam</span> <span class='ocrx_word' id='word_1_254' title='bbox 778 3051 974 3115; x_wconf 85' lang='lat' dir='ltr'>immediatam</span> <span class='ocrx_word' id='word_1_255' title='bbox 987 3052 1091 3115; x_wconf 84' lang='lat' dir='ltr'>afferre</span> <span class='ocrx_word' id='word_1_256' title='bbox 1108 3047 1168 3134; x_wconf 87' lang='lat' dir='ltr'>pos·</span> 
     </span>
     <span class='ocr_line' id='line_1_37' title="bbox 297 3127 1166 3214; baseline -0.002 -20"><span class='ocrx_word' id='word_1_257' title='bbox 297 3131 360 3196; x_wconf 86' lang='lat' dir='ltr'>sum</span> <span class='ocrx_word' id='word_1_258' title='bbox 375 3131 496 3214; x_wconf 79' lang='lat' dir='ltr'>caullam</span> <span class='ocrx_word' id='word_1_259' title='bbox 508 3145 525 3200; x_wconf 80' lang='lat'>‚&#39;</span> <span class='ocrx_word' id='word_1_260' title='bbox 540 3127 821 3214; x_wconf 68' lang='lat' dir='ltr'>quamardiillimam</span> <span class='ocrx_word' id='word_1_261' title='bbox 836 3131 914 3210; x_wconf 85' lang='lat' dir='ltr'>illam</span> <span class='ocrx_word' id='word_1_262' title='bbox 926 3135 1084 3210; x_wconf 86' lang='lat' dir='ltr'>unionem,</span> <span class='ocrx_word' id='word_1_263' title='bbox 1108 3149 1166 3213; x_wconf 78' lang='lat' dir='ltr'>qua</span> 
     </span>
     <span class='ocr_line' id='line_1_38' title="bbox 296 3205 1164 3297; baseline -0.005 -23"><span class='ocrx_word' id='word_1_264' title='bbox 296 3210 452 3291; x_wconf 80' lang='lat' dir='ltr'>perfidem</span> <span class='ocrx_word' id='word_1_265' title='bbox 465 3207 515 3281; x_wconf 80' lang='lat' dir='ltr'>fir,</span> <span class='ocrx_word' id='word_1_266' title='bbox 538 3228 570 3272; x_wconf 88' lang='lat' dir='ltr'>ut</span> <span class='ocrx_word' id='word_1_267' title='bbox 587 3205 797 3297; x_wconf 78' lang='lat' dir='ltr'>Christuscnm</span> <span class='ocrx_word' id='word_1_268' title='bbox 808 3213 942 3274; x_wconf 85' lang='lat' dir='ltr'>omnibus</span> <span class='ocrx_word' id='word_1_269' title='bbox 958 3211 1098 3278; x_wconf 84' lang='lat' dir='ltr'>fidelibus</span> <span class='ocrx_word' id='word_1_270' title='bbox 1113 3226 1164 3271; x_wconf 88' lang='lat' dir='ltr'>ceu</span> 
     </span>
     <span class='ocr_line' id='line_1_39' title="bbox 296 3288 1164 3430; baseline -0.003 -78"><span class='ocrx_word' id='word_1_271' title='bbox 296 3291 413 3353; x_wconf 82' lang='lat' dir='ltr'>unicum</span> <span class='ocrx_word' id='word_1_272' title='bbox 434 3288 558 3371; x_wconf 82' lang='lat' dir='ltr'>aliquod</span> <span class='ocrx_word' id='word_1_273' title='bbox 573 3292 691 3367; x_wconf 87' lang='lat' dir='ltr'>Corpus</span> <span class='ocrx_word' id='word_1_274' title='bbox 707 3289 928 3370; x_wconf 75' lang='lat' dir='ltr'>conlideretur,</span> <span class='ocrx_word' id='word_1_275' title='bbox 958 3291 1037 3368; x_wconf 87' lang='lat' dir='ltr'>unde</span> <span class='ocrx_word' id='word_1_276' title='bbox 1051 3311 1085 3352; x_wconf 90' lang='lat' dir='ltr'>ea</span> <span class='ocrx_word' id='word_1_277' title='bbox 1107 3306 1164 3430; x_wconf 68' lang='lat' dir='ltr'>qpae</span> 
     </span>
     <span class='ocr_line' id='line_1_40' title="bbox 297 3367 1163 3447; baseline -0.005 -15"><span class='ocrx_word' id='word_1_278' title='bbox 297 3369 410 3447; x_wconf 86' lang='lat' dir='ltr'>Capitis</span> <span class='ocrx_word' id='word_1_279' title='bbox 422 3369 487 3430; x_wconf 89' lang='lat' dir='ltr'>sunt</span> <span class='ocrx_word' id='word_1_280' title='bbox 503 3367 592 3430; x_wconf 87' lang='lat' dir='ltr'>etiam</span> <span class='ocrx_word' id='word_1_281' title='bbox 604 3386 664 3428; x_wconf 90' lang='lat' dir='ltr'>non</span> <span class='ocrx_word' id='word_1_282' title='bbox 680 3367 786 3446; x_wconf 80' lang='lat' dir='ltr'>polline</span> <span class='ocrx_word' id='word_1_283' title='bbox 799 3382 857 3430; x_wconf 87' lang='lat' dir='ltr'>non</span> <span class='ocrx_word' id='word_1_284' title='bbox 875 3369 1071 3432; x_wconf 84' lang='lat' dir='ltr'>membrorum</span> <span class='ocrx_word' id='word_1_285' title='bbox 1092 3390 1108 3430; x_wconf 89' lang='lat' dir='ltr'>e</span> <span class='ocrx_word' id='word_1_286' title='bbox 1131 3387 1163 3442; x_wconf 67' lang='lat' dir='ltr'>cg</span> 
     </span>
     <span class='ocr_line' id='line_1_41' title="bbox 295 3444 1163 3527; baseline -0.005 -17"><span class='ocrx_word' id='word_1_287' title='bbox 295 3447 339 3510; x_wconf 87' lang='lat' dir='ltr'>titi</span> <span class='ocrx_word' id='word_1_288' title='bbox 355 3444 373 3507; x_wconf 82' lang='lat' dir='ltr'>fi</span> <span class='ocrx_word' id='word_1_289' title='bbox 390 3465 485 3509; x_wconf 88' lang='lat' dir='ltr'>totum</span> <span class='ocrx_word' id='word_1_290' title='bbox 498 3465 593 3527; x_wconf 82' lang='lat' dir='ltr'>genus</span> <span class='ocrx_word' id='word_1_291' title='bbox 607 3445 765 3508; x_wconf 87' lang='lat' dir='ltr'>humanum</span> <span class='ocrx_word' id='word_1_292' title='bbox 784 3467 850 3508; x_wconf 87' lang='lat' dir='ltr'>curn</span> <span class='ocrx_word' id='word_1_293' title='bbox 868 3448 980 3511; x_wconf 78' lang='lat' dir='ltr'>ndanio</span> <span class='ocrx_word' id='word_1_294' title='bbox 998 3469 1052 3510; x_wconf 88' lang='lat' dir='ltr'>ceu</span> <span class='ocrx_word' id='word_1_295' title='bbox 1072 3465 1163 3510; x_wconf 87' lang='lat' dir='ltr'>totum</span> 
     </span>
     <span class='ocr_line' id='line_1_42' title="bbox 294 3523 1165 3607; baseline -0.006 -19"><span class='ocrx_word' id='word_1_296' title='bbox 294 3525 417 3606; x_wconf 88' lang='lat' dir='ltr'>aliquod</span> <span class='ocrx_word' id='word_1_297' title='bbox 428 3529 543 3605; x_wconf 86' lang='lat' dir='ltr'>Corpus</span> <span class='ocrx_word' id='word_1_298' title='bbox 554 3523 765 3595; x_wconf 82' lang='lat' dir='ltr'>confideratur,</span> <span class='ocrx_word' id='word_1_299' title='bbox 780 3525 811 3588; x_wconf 87' lang='lat' dir='ltr'>fit</span> <span class='ocrx_word' id='word_1_300' title='bbox 823 3544 855 3588; x_wconf 94' lang='lat' dir='ltr'>ut</span> <span class='ocrx_word' id='word_1_301' title='bbox 864 3527 1165 3607; x_wconf 74' lang='lat' dir='ltr'>propteralciirnmrm</span> 
     </span>
     <span class='ocr_line' id='line_1_43' title="bbox 294 3601 1163 3687; baseline 0.001 -21"><span class='ocrx_word' id='word_1_302' title='bbox 294 3605 445 3671; x_wconf 84' lang='lat' dir='ltr'>Unionent</span> <span class='ocrx_word' id='word_1_303' title='bbox 458 3623 502 3671; x_wconf 86' lang='lat' dir='ltr'>ea,</span> <span class='ocrx_word' id='word_1_304' title='bbox 517 3622 580 3684; x_wconf 83' lang='lat' dir='ltr'>quac</span> <span class='ocrx_word' id='word_1_305' title='bbox 590 3601 784 3686; x_wconf 86' lang='lat' dir='ltr'>Caputfecit,</span> <span class='ocrx_word' id='word_1_306' title='bbox 803 3608 901 3672; x_wconf 86' lang='lat' dir='ltr'>onmia</span> <span class='ocrx_word' id='word_1_307' title='bbox 912 3609 974 3687; x_wconf 83' lang='lat' dir='ltr'>ejus</span> <span class='ocrx_word' id='word_1_308' title='bbox 984 3604 1163 3674; x_wconf 80' lang='lat' dir='ltr'>nernbrafr-</span> 
     </span>
     <span class='ocr_line' id='line_1_44' title="bbox 294 3681 1149 3839; baseline 0.009 -91"><span class='ocrx_word' id='word_1_309' title='bbox 294 3681 365 3752; x_wconf 84' lang='lat' dir='ltr'>cille</span> <span class='ocrx_word' id='word_1_310' title='bbox 381 3685 397 3752; x_wconf 86' lang='lat' dir='ltr'>ai</span> <span class='ocrx_word' id='word_1_311' title='bbox 413 3690 482 3750; x_wconf 86' lang='lat' dir='ltr'>Deo</span> <span class='ocrx_word' id='word_1_312' title='bbox 498 3698 679 3767; x_wconf 75' lang='lat' dir='ltr'>reputentur,</span> <span class='ocrx_word' id='word_1_313' title='bbox 771 3731 772 3739; x_wconf 26' lang='grc' dir='ltr'><strong>κ</strong></span> <span class='ocrx_word' id='word_1_314' title='bbox 1124 3757 1149 3839; x_wconf 73' lang='lat' dir='ltr'><strong>E</strong></span> 
     </span>
    </p>
   </div>
   <div class='ocr_carea' id='block_1_4' title="bbox 0 0 1302 4441">
    <p class='ocr_par' dir='ltr' id='par_1_4' title="bbox 0 0 1302 4441">
     <span class='ocr_line' id='line_1_45' title="bbox 0 0 1302 4441; baseline 0 0"><span class='ocrx_word' id='word_1_315' title='bbox 0 0 1302 4441; x_wconf 95' lang='lat' dir='ltr'> </span> 
     </span>
    </p>
   </div>
  </div>
 </body>
</html>
